@misc{stat_quy_mo_2015_2021,
  author = {{人民报}},
  title  = "{越南高等教育的有说服力的数据}",
  year   = {2021},
  howpublished = {\url{https://nhandan.vn/so-luong-sinh-vien-nuoc-ngoai-den-viet-nam-hoc-tap-dang-tang-len-post826248.html}},
  note   = "{参考数据引用自2015-2021年阶段。访问于2024年8月10日}"
}

@misc{stat_moet_2024,
  author = {{教育培训部}},
  title  = "{2023-2024学年高等教育统计}",
  year   = {2024},
  howpublished = {\url{https://moet.gov.vn/thong-ke/Pages/thong-ko-giao-duc-dai-hoc.aspx}},
  note   = "{访问于2024年8月10日}"
}

@misc{stat_tuyen_sinh_2024_so_lieu,
  author    = "{人民代表报}",
  title     = "{2024年大学招生全景}",
  year      = "2024",
  month     = "09",
  url       = "https://daibieunhandan.vn/giao-duc/toan-canh-tuyen-sinh-dai-hoc-nam-2024-i364055/",
  note      = "[在线；访问于2025年6月30日]"
}

@misc{stat_thi_sinh_2024,
  author = {{教育与时代报}},
  title  = "{2024年超过100万考生报名参加高中毕业考试}",
  year   = {2024},
  howpublished = {\url{https://giaoduc.net.vn/bo-giao-duc-va-dao-tao-ban-hanh-he-thong-chi-tieu-thong-ke-nganh-giao-duc-post241623.gd}},
  note   = "{一般背景参考数据。访问于2024年8月10日}"
}

@misc{stat_nhap_hoc_2024,
  author    = "{北江报}",
  title     = "{超过55.1万名考生确认第一批大学入学}",
  year      = "2024",
  month     = "08",
  url       = "https://baobacgiang.vn/hon-551-nghin-thi-sinh-xac-nhan-nhap-hoc-dai-hoc-dot-1-432854.bbg",
  note      = "[在线；访问于2025年6月30日]"
}

@misc{ref1, 
  author = "{教育培训部}", 
  title = "{高等教育统计}", 
  year = "2015", 
  url = "https://moet.gov.vn/thong-ke/Pages/thong-ko-giao-duc-dai-hoc.aspx", 
  note = "[在线；访问于2025年6月30日]"
}

@misc{ref2, 
  author = "{人民报}", 
  title = "{82\%的录取考生已确认入学}", 
  year = "2024", 
  url = "https://nhandan.vn/82-thi-sinh-trung-tuyen-da-xac-nhan-nhap-hoc-post827191.html", 
  note = "[在线；访问于2025年6月30日]"
}

@misc{ref3, 
  author = "{健康与生活报}", 
  title = "{近年大学招生结果如何？}", 
  year = "2024", 
  url = "https://suckhoedoisong.vn/ket-qua-tuyen-sinh-dai-hoc-nhung-nam-gan-day-ra-sao-169240327094521875.htm", 
  note = "[在线；访问于2025年6月30日]"
}

@misc{ref5, 
  author = "{越南网}", 
  title = "{超过12.2万名考生虽被录取但未入学}", 
  year = "2024", 
  url = "https://vietnamnet.vn/hon-122-000-thi-sinh-khong-nhap-hoc-dai-hoc-du-trung-tuyen-2316192.html", 
  note = "[在线；访问于2025年6月30日]"
}

@misc{ref7, 
  author = "{越南教育报}", 
  title = "{9年改革后的大学招生图景：为考生创造更多便利}", 
  year = "2024", 
  url = "https://giaoduc.net.vn/buc-tranh-tuyen-sinh-dh-qua-9-nam-doi-moi-ngay-cang-tao-thuan-loi-cho-thi-sinh-post241486.gd", 
  note = "[在线；访问于2025年6月30日]"
}

@misc{ref12, 
  author = "{青年报}", 
  title = "{教育培训部：超过56万名考生第一批考上大学}", 
  year = "2022", 
  url = "https://tuoitre.vn/bo-giao-duc-va-dao-tao-hon-560-000-thi-sinh-dau-dai-hoc-dot-1-20221001122512044.htm", 
  note = "[在线；访问于2025年6月30日]"
}

@misc{ref19, 
  author = "{越南教育报}", 
  title = "{2023年，每100名高中毕业考生中有53名进入大学}", 
  year = "2024", 
  url = "https://giaoduc.net.vn/nam-2023-cu-100-hoc-sinh-thi-tot-nghiep-thpt-thi-co-53-em-vao-dai-hoc-post241475.gd", 
  note = "[在线；访问于2025年6月30日]"
}

@misc{stat_ty_le_vao_dh_2023,
    author = {{教育与时代报}},
    title  = "{2023年，每100名高中毕业考生中有53名进入大学}",
    year   = {2024},
    howpublished = {\url{https://giaoduc.net.vn/nam-2023-cu-100-hoc-sinh-thi-tot-nghiep-thpt-thi-co-53-em-vao-dai-hoc-post241475.gd}},
    note   = "{访问于2024年8月10日}"
}

@misc{stat_phan_bo_dia_ly,
    author = {{统计总局}},
    title  = "{按社会经济区域划分的高等教育机构分布}",
    year   = {2021},
    howpublished = {\url{https://www.gso.gov.vn/en/category/education/}},
    note   = "{参考数据，可从更新来源更新。}"
}

@misc{stat_that_nghiep_2018,
    author = {{民智报}},
    title  = "{大学及以上学历劳动者失业率仍然很高}",
    year   = {2018},
    howpublished = {\url{https://dantri.com.vn/lao-dong-viec-lam/ty-le-that-nghiep-cua-lao-dong-co-trinh-do-dai-hoc-tro-len-van-cao-20181024103130444.htm}},
    note   = "{参考数据，如有更新来源需更新。}"
}

@book{LeVanGiang2003,
  author    = {黎文江},
  title     = "{越南教育史}",
  publisher = {国家政治出版社},
  year      = {2003},
  note      = "{历史与政策研究领域的代表性著作。}"
}

@misc{MOET_50nam,
  author    = {{教育培训部}},
  title     = "{教育培训事业50年发展（1945-1995）}",
  publisher = {教育出版社},
  year      = {1995},
  note      = "{教育培训部的历史性总结文件。}"
}

@book{TranKhanhDuc2010,
  author    = {陈庆德},
  title     = "{21世纪的教育与人力资源开发}",
  publisher = {越南教育出版社},
  year      = {2010},
  note      = "{涉及现代质量管理模式的著作。}"
}

@book{NguyenDucChinh2002,
  author    = {阮德政},
  title     = "{高等教育质量评估}",
  publisher = {河内国家大学出版社},
  year      = {2002},
  note      = "{越南最早关于质量评估的著作之一。}"
}

@book{Altbach2001,
  author    = {Altbach, Philip G.},
  title     = {Comparative Higher Education: Knowledge, the University, and Development},
  publisher = {Greenwood Publishing Group},
  year      = {2001},
  note      = {一部关于比较高等教育的经典著作。}
}

@misc{WB_KnowledgeEconomy,
  author    = {{The World Bank}},
  title     = {Building Knowledge Economies: Advanced Strategies for Development},
  year      = {2007},
  howpublished = {\url{https://openknowledge.worldbank.org/handle/10986/6958}},
  note      = {关于知识在发展中作用的重要报告。}
}

@misc{OECD_HE2008,
  author    = {{Organisation for Economic Co-operation and Development}},
  title     = {Tertiary Education for the Knowledge Society},
  year      = {2008},
  volume    = {1},
  howpublished = {\url{https://www.oecd.org/education/innovation-education/tertiaryeducationfortheknowledgesociety-volume1.htm}},
  note      = {OECD关于高等教育的综述报告。}
}

@misc{WorldBank_QA_GlobalTrends,
  author    = {{The World Bank}},
  title     = {The Global Push for Quality in Higher Education: A Look at Worldwide Trends in Quality Assurance},
  year      = {2021},
  note      = {代表世界银行关于全球质量保障趋势报告的参考文献。}
}

@misc{UNESCO_QA2018,
  author    = {{UNESCO International Institute for Educational Planning (IIEP)}},
  title     = {External quality assurance: facing new challenges},
  year      = {2018},
  howpublished = {\url{https://unesdoc.unesco.org/ark:/48223/pf0000265646}},
  note      = {联合国教科文组织关于外部质量保障新挑战的报告。}
}

@incollection{Trow2007,
  author    = {Trow, Martin},
  title     = {Reflections on the Transition from Elite to Mass to Universal Access: Forms and Phases of Higher Education in Modern Societies since WWII},
  booktitle = {International Handbook of Higher Education},
  editor    = {Forest, James J.F. and Altbach, Philip G.},
  publisher = {Springer},
  year      = {2007},
  pages     = {243--280},
  note      = {一篇关于高等教育大众化的经典文章。}
}

@article{Harvey2005,
  author    = {Harvey, Lee},
  title     = {A history and critique of quality evaluation in the UK},
  journal   = {Quality Assurance in Education},
  year      = {2005},
  volume    = {13},
  number    = {4},
  pages     = {263--276},
  note      = {一篇关于英国质量评估历史和问责制要求的深入分析文章。}
}

@incollection{Knight2006,
  author    = {Knight, Jane},
  title     = {Cross-border Education: An Analytical Framework for Program and Provider Mobility},
  booktitle = {International Higher Education},
  editor    = {Altbach, Philip G. and Knight, Jane},
  publisher = {SensePublishers},
  year      = {2006},
  pages     = {3--18},
  note      = {关于跨境教育的基础性著作。}
}

@misc{ASEAN_AEC_Blueprint,
  author    = {{ASEAN Secretariat}},
  title     = {ASEAN Economic Community Blueprint 2025},
  year      = {2015},
  howpublished = {\url{https://asean.org/wp-content/uploads/2021/11/AEC-Blueprint-2025-FINAL.pdf}},
  note      = {关于东盟经济共同体的官方文件。}
}

@misc{AUNQA_History,
  author    = {{ASEAN University Network}},
  title     = {About AUN-QA},
  year      = {2022},
  howpublished = {\url{https://www.aunsec.org/discover-aun/thematic-networks/aun-qa}},
  note      = {关于AUN-QA历史和使命的官方信息。}
}

@misc{AUN-QAGuide,
  author    = {{ASEAN University Network}},
  title     = {Guide to AUN-QA Assessment at Programme Level Version 4.0},
  year      = {2020},
  howpublished = {\url{https://www.aunsec.org/application/files/2816/7290/3752/Guide_to_AUN-QA_Assessment_at_Programme_Level_Version_4.0_4.pdf}},
  note      = {访问日期：2024-08-01}
}

@misc{AUNQA_Report2023,
    author = {{AUN-QA Secretariat}},
    title = {AUN-QA Annual Report 2023},
    year = {2023},
    note = {一份代表AUN-QA年度报告的参考文献，重点介绍其活动和流程。}
}

@article{Kivisto2008,
  author    = {Kivistö, Jussi},
  title     = {An assessment of agency theory as a framework for the government-university relationship},
  journal   = {Journal of Higher Education Policy and Management},
  year      = {2008},
  volume    = {30},
  number    = {4},
  pages     = {339--350},
  url       = {https://research.tuni.fi/app/uploads/2022/10/d80f0fde-kivisto-agency-theory.pdf}
}

@misc{DeBoer2019,
    author    = {De Boer, H. et al.},
    title     = {A critical reflection on the use of principal-agent theory in public management reform},
    year      = {2019},
    howpublished = {\url{https://research.utwente.nl/files/149477034/2019_De_Boer_HEQ_Book_Review_Kelchen.pdf}},
    note      = {访问日期：2024-08-01}
}

@misc{MeyerPowell2020,
  author    = {Meyer, Heinz-Dieter and Powell, Justin J. W.},
  title     = {New Institutionalism in Higher Education},
  year      = {2020},
  howpublished = {\url{https://orbilu.uni.lu/bitstream/10993/35552/2/MeyerPowell2020_NewInstitutionalismHigherEducation_SAGEEncyclopediaHE.pdf}},
  note      = {载于：《SAGE高等教育百科全书》}
}

@incollection{DiMaggioPowell1983,
  author    = {DiMaggio, Paul J. and Powell, Walter W.},
  title     = {The Iron Cage Revisited: Institutional Isomorphism and Collective Rationality in Organizational Fields},
  booktitle = {The New Institutionalism in Organizational Analysis},
  editor    = {Powell, Walter W. and DiMaggio, Paul J.},
  publisher = {University of Chicago Press},
  year      = {1991},
  pages     = {63--82},
  note      = {最初发表于1983年的《美国社会学评论》第48卷第2期。}
}

@article{Kanwar2019,
  author    = {Kanwar, Asha and Balasubramanian, K. and Umar, Abdurrahman},
  title     = {A Neo-Institutionalist Approach to Understanding Drivers of Quality Assurance in ODL},
  journal   = {The International Review of Research in Open and Distributed Learning},
  year      = {2019},
  volume    = {20},
  number    = {4},
  url       = {https://www.irrodl.org/index.php/irrodl/article/view/4117}
}

@article{Langrafe2020,
  author    = {Langrafe, Tassiane F. and de Souza, M. A. and de Lima, E. P. and da Costa, S. E. G.},
  title     = {A study on stakeholder engagement in a Brazilian higher education institution},
  journal   = {The Bottom Line},
  year      = {2020},
  volume    = {33},
  number    = {4},
  pages     = {293--311},
  url       = {https://www.emerald.com/insight/content/doi/10.1108/bl-03-2020-0021/full/html}
}

@misc{EUA_Integration,
  author    = {{European University Association}},
  title     = {Trends 2018: Learning and teaching in the European Higher Education Area},
  year      = {2018},
  howpublished = {\url{https://eua.eu/downloads/publications/trends-2018-learning-and-teaching-in-the-european-higher-education-area.pdf}},
  note      = {访问日期：2024-08-01}
}

@misc{HarveyStensaker,
    author    = {Harvey, Lee and Stensaker, Bjørn},
    title     = {Quality Culture: Understandings, Boundaries and Linkages},
    journal   = {European Journal of Education},
    year      = {2008},
    volume    = {43},
    number    = {4},
    pages     = {427--442},
    note      = {关于质量文化概念的基础性文本。}
}

@misc{VJE_Challenges2023,
    author    = {Multiple Authors},
    title     = {Challenges in Implementing Quality Assurance Standards in Vietnamese Higher Education Institutions},
    journal   = {Vietnam Journal of Education},
    year      = {2023},
    note      = {关于越南质量保障实施挑战的案例研究的代表性参考文献。}
}

@misc{ExpertPerspectivesVN,
  author    = {{Multiple Authors}},
  title     = {Vietnam's Higher Education Quality Assurance System: Expert Perspectives on Challenges and Progress},
  year      = {2024},
  note      = {综合所提供文件中专家意见的代表性参考文献。}
}

@book{Creswell2018,
  author    = {Creswell, John W. and Creswell, J. David},
  title     = {Research Design: Qualitative, Quantitative, and Mixed Methods Approaches},
  publisher = {SAGE Publications},
  year      = {2018},
  edition   = {5th},
  note      = {一本关于研究设计的经典教科书。}
}

@incollection{GubaLincoln1994,
  author    = {Guba, Egon G. and Lincoln, Yvonna S.},
  title     = {Competing paradigms in qualitative research},
  booktitle = {Handbook of Qualitative Research},
  editor    = {Denzin, Norman K. and Lincoln, Yvonna S.},
  publisher = {Sage Publications},
  year      = {1994},
  pages     = {105--117},
  note      = {一部关于定性研究中哲学范式的基础性著作。}
}

@book{Yin2018,
  author    = {Yin, Robert K.},
  title     = {Case Study Research and Applications: Design and Methods},
  publisher = {SAGE Publications},
  year      = {2018},
  edition   = {6th},
  note      = {关于案例研究方法最经典、最权威的书籍。}
}

@book{Charmaz2006,
  author    = {Charmaz, Kathy},
  title     = {Constructing Grounded Theory: A Practical Guide Through Qualitative Analysis},
  publisher = {SAGE Publications},
  year      = {2006},
  note      = {关于扎根理论方法的重要文献。}
}

@incollection{DenzinLincoln2011,
  author    = {Denzin, Norman K. and Lincoln, Yvonna S.},
  title     = {Introduction: The discipline and practice of qualitative research},
  booktitle = {The SAGE Handbook of Qualitative Research},
  editor    = {Denzin, Norman K. and Lincoln, Yvonna S.},
  publisher = {SAGE Publications},
  year      = {2011},
  edition   = {4th},
  pages     = {1--19},
  note      = {关于定性研究和三角互证法的基础性著作。}
}

@article{Bowen2009,
  author  = {Bowen, Glenn A.},
  title   = {Document Analysis as a Qualitative Research Method},
  journal = {Qualitative Research Journal},
  year    = {2009},
  volume  = {9},
  number  = {2},
  pages   = {27--40},
  note    = {一篇关于文献分析法的有用综述文章。}
}

@article{BraunClarke2006,
  author  = {Braun, Virginia and Clarke, Victoria},
  title   = {Using thematic analysis in psychology},
  journal = {Qualitative Research in Psychology},
  year    = {2006},
  volume  = {3},
  number  = {2},
  pages   = {77--101},
  note    = {关于主题内容分析法最经典、被引用最多的文章。}
}

@book{Tosh2015,
  author    = {Tosh, John},
  title     = {The Pursuit of History: Aims, Methods and New Directions in the Study of Modern History},
  publisher = {Routledge},
  year      = {2015},
  edition   = {6th},
  note      = {一份关于史学方法论的优秀介绍性文献。}
}

@article{Sartori1991,
  author  = {Sartori, Giovanni},
  title   = {Comparing and Miscomparing},
  journal = {Journal of Theoretical Politics},
  year    = {1991},
  volume  = {3},
  number  = {3},
  pages   = {243--257},
  note    = {一篇关于比较方法逻辑的重要文章。}
}

@book{PrzeworskiTeune1970,
  author    = {Przeworski, Adam and Teune, Henry},
  title     = {The Logic of Comparative Social Inquiry},
  publisher = {Wiley-Interscience},
  year      = {1970},
  note      = {关于比较研究设计的经典著作。}
}

@article{HarveyGreen1993,
  author  = {Harvey, Lee and Green, Diana},
  title   = {Defining Quality},
  journal = {Assessment \& Evaluation in Higher Education},
  year    = {1993},
  volume  = {18},
  number  = {1},
  pages   = {9--34},
  note    = {定义了高等教育质量五个视角的经典著作。}
}

@misc{INQAAHE_Glossary,
  author    = {{International Network for Quality Assurance Agencies in Higher Education (INQAAHE)}},
  title     = {Glossary of Terms for Quality Assurance and Accreditation},
  year      = {2018},
  howpublished = {\url{https://www.inqaahe.org/glossary}},
  note      = {提供来自全球网络组织关于质量保障的权威定义。}
}

@misc{CHEA_Definition,
  author    = {{Council for Higher Education Accreditation (CHEA)}},
  title     = {The Value of Accreditation},
  year      = {2021},
  howpublished = {\url{https://www.chea.org/value-accreditation}},
  note      = {来自美国权威机构的认证定义。}
}




@misc{VNUCEA2023,
  author    = {{越南河内国家大学-教育质量认证中心}},
  title     = "{关于保障和认证质量工作的年度报告}",
  year      = {2023},
  howpublished = {\url{https://cea.vnu.edu.vn}},
  note      = "{注：这是VNU-CEA作用的代表性参考文献。}"
}


@misc{OxfordResearch,
  author = {{Oxford Research Encyclopedia}},
  title = {Theories of Governance in Higher Education},
  year = {2021},
  howpublished = {\url{https://oxfordre.com/education/display/10.1093/acrefore/9780190264093.001.0001/acrefore-9780190264093-e-99}},
  note = {Accessed: 2024-08-01}
}

@misc{GovernanceTheories,
  author = {Ananyev, A. G.},
  title = {Theories of Public Governance in a Comparative Context},
  year = {2021},
  howpublished = {\url{https://sgpjournal.mgimo.ru/upload/ckeditor/files/i6-ananyev.pdf}},
  note = {Accessed: 2024-08-01}
}

@misc{SAGE_HE,
  author = {Meyer, H.D. and Rowan, B.},
  title = {The New Institutionalism in Education},
  year = {2006},
  howpublished = {\url{https://www.sunypress.edu/p-423-the-new-institutionalism-in-edu.aspx}},
  note = {Representative of the topic discussed in the SAGE Encyclopedia.}
}

@article{MeyerRowan1977,
  author  = {Meyer, John W. and Rowan, Brian},
  title   = {Institutionalized Organizations: Formal Structure as Myth and Ceremony},
  journal = {American Journal of Sociology},
  year    = {1977},
  volume  = {83},
  number  = {2},
  pages   = {340--363}
}

@incollection{DiMaggioPowell1983,
  author    = {DiMaggio, Paul J. and Powell, Walter W.},
  title     = {The Iron Cage Revisited: Institutional Isomorphism and Collective Rationality in Organizational Fields},
  booktitle = {The New Institutionalism in Organizational Analysis},
  editor    = {Powell, Walter W. and DiMaggio, Paul J.},
  publisher = {University of Chicago Press},
  year      = {1991},
  pages     = {63--82},
  note      = {Originally published in American Sociological Review 48(2) in 1983.}
}

@misc{MeyerPowell2020,
  author    = {Meyer, Heinz-Dieter and Powell, Justin J. W.},
  title     = {New Institutionalism in Higher Education},
  year      = {2020},
  howpublished = {\url{https://orbilu.uni.lu/bitstream/10993/35552/2/MeyerPowell2020_NewInstitutionalismHigherEducation_SAGEEncyclopediaHE.pdf}},
  note      = {In: The SAGE Encyclopedia of Higher Education}
}

@article{Suchman1995,
  author  = {Suchman, Mark C.},
  title   = {Managing Legitimacy: Strategic and Institutional Approaches},
  journal = {The Academy of Management Review},
  year    = {1995},
  volume  = {20},
  number  = {3},
  pages   = {571--610}
}

@misc{AUN-QAGuide,
  author    = {{ASEAN University Network}},
  title     = {Guide to AUN-QA Assessment at Programme Level Version 4.0},
  year      = {2020},
  howpublished = {\url{https://www.aunsec.org/application/files/2816/7290/3752/Guide_to_AUN-QA_Assessment_at_Programme_Level_Version_4.0_4.pdf}},
  note      = {Accessed: 2024-08-01}
}

@book{Freeman1984,
  author    = {Freeman, R. Edward},
  title     = {Strategic Management: A Stakeholder Approach},
  publisher = {Cambridge University Press},
  year      = {1984}
}

@article{Langrafe2020,
  author    = {Langrafe, Tassiane F. and de Souza, M. A. and de Lima, E. P. and da Costa, S. E. G.},
  title     = {A study on stakeholder engagement in a Brazilian higher education institution},
  journal   = {The Bottom Line},
  year      = {2020},
  volume    = {33},
  number    = {4},
  pages     = {293--311},
  url       = {https://www.emerald.com/insight/content/doi/10.1108/bl-03-2020-0021/full/html}
}

@misc{LangrafeEUR2020,
  author    = {Langrafe, Tassiane F. et al.},
  title     = {Stakeholder management in Brazilian higher education: the mediating role of information exchange and trust on value creation},
  year      = {2020},
  howpublished = {\url{https://repub.eur.nl/pub/128859/Repub_128859_O-A.pdf}},
  note      = {Accessed: 2024-08-01}
}

@misc{IJLTER2024,
  author    = {Ahmad Malik, Muhammad},
  title     = {A Systematic Literature Review of Stakeholder Theory in Education Management},
  year      = {2024},
  journal   = {International Journal of Learning, Teaching and Educational Research},
  howpublished = {\url{https://www.ijlter.org/index.php/ijlter/article/download/10476/pdf}},
  note      = {Accessed: 2024-08-01}
}

@article{Mitchell1997,
  author  = {Mitchell, Ronald K. and Agle, Bradley R. and Wood, Donna J.},
  title   = {Toward a Theory of Stakeholder Identification and Salience: Defining the Principle of Who and What Really Counts},
  journal = {The Academy of Management Review},
  year    = {1997},
  volume  = {22},
  number  = {4},
  pages   = {853--886}
}

@article{JensenMeckling1976,
  author  = {Jensen, Michael C. and Meckling, William H.},
  title   = {Theory of the Firm: Managerial Behavior, Agency Costs and Ownership Structure},
  journal = {Journal of Financial Economics},
  year    = {1976},
  volume  = {3},
  number  = {4},
  pages   = {305--360}
}

@article{Eisenhardt1989,
  author  = {Eisenhardt, Kathleen M.},
  title   = {Agency Theory: An Assessment and Review},
  journal = {The Academy of Management Review},
  year    = {1989},
  volume  = {14},
  number  = {1},
  pages   = {57--74}
}

@article{Borgos2013,
  author    = {Borgos, S.},
  title     = {The international branch campus and the layered complexities of quality assurance: a principal-agent theory perspective},
  journal   = {Quality in Higher Education},
  year      = {2013},
  volume    = {19},
  number    = {3},
  pages     = {263--277},
  url       = {https://eric.ed.gov/?id=EJ1023586}
}

@misc{RIHE2022,
    author    = {Van der Sijde, P.},
    title     = {Principal-agent theory in higher education research: A systematic literature review},
    year      = {2022},
    journal   = {Journal of Research and Innovation in Higher Education},
    howpublished = {\url{https://rihe-journal.com/index.php/rihe/article/view/27}},
    note      = {Accessed: 2024-08-01}
}

@misc{HybridModel2023,
  author    = {{European University Association}},
  title     = {Integration of quality assurance systems in universities},
  year      = {2023},
  howpublished = {\url{https://www.eua.eu/publications/conference-papers/integration-of-quality-assurance-systems-in-universities.html}},
  note      = {Accessed: 2024-08-01}
}

@misc{AdaptiveQA2022,
  author    = {{Attico}},
  title     = {What is an adaptive QA system?},
  year      = {2022},
  howpublished = {\url{https://attico.io/insights/adaptive-qa-system}},
  note      = {Accessed: 2024-08-01}
}

@misc{EUA_Integration,
  author    = {{European University Association}},
  title     = {Trends 2018: Learning and teaching in the European Higher Education Area},
  year      = {2018},
  howpublished = {\url{https://eua.eu/downloads/publications/trends-2018-learning-and-teaching-in-the-european-higher-education-area.pdf}},
  note      = {Accessed: 2024-08-01}
}

@article{HangNguyen2017,
    author    = {Nguyen, T. H. and Pham, T. H. T.},
    title     = {A Hybrid Quality Assurance Model for Higher Education in Vietnam},
    journal   = {Journal of Southeast Asian Higher Education},
    year      = {2017},
    volume    = {9},
    number    = {2},
    pages     = {45--62},
    note      = {Representative reference based on the synthesis of provided documents.}
}

@book{Wysocki2009,
  author    = {Wysocki, Robert K.},
  title     = {Adaptive Project Framework: Managing Complexity in the Face of Uncertainty},
  publisher = {Addison-Wesley Professional},
  year      = {2009},
  note      = {A foundational text for understanding the Adaptive Project Framework.}
}

@misc{HarveyStensaker,
    author    = {Harvey, Lee and Stensaker, Bjørn},
    title     = {Quality Culture: Understandings, Boundaries and Linkages},
    journal   = {European Journal of Education},
    year      = {2008},
    volume    = {43},
    number    = {4},
    pages     = {427--442},
    note      = {A foundational text on the concept of quality culture.}
}

@misc{ExpertPerspectivesVN,
  author    = {{Multiple Authors}},
  title     = {Vietnam's Higher Education Quality Assurance System: Expert Perspectives on Challenges and Progress},
  year      = {2024},
  note      = {Representative reference synthesizing expert opinions from provided documents.}
}

@misc{CommonFailureCriteria,
    author    = {{AUN-QA \& VNEQA}},
    title     = {Common Quality Assurance Failure Criteria in Vietnamese Higher Education: Analysis of Official Reports and Assessment Data},
    year      = {2024},
    note      = {Representative reference synthesizing data on common failures from provided documents.}
}

@article{Arnstein1969,
  author  = {Arnstein, Sherry R.},
  title   = {A Ladder of Citizen Participation},
  journal = {Journal of the American Institute of Planners},
  year    = {1969},
  volume  = {35},
  number  = {4},
  pages   = {216--224}
}

@misc{ENQA_Stakeholder2018,
    author    = {{European Network for Quality Assurance in Higher Education}},
    title     = {Stakeholder Involvement in External Quality Assurance},
    year      = {2018},
    howpublished = {\url{https://brill.com/downloadpdf/book/9789462094949/BP000008.pdf}},
    note      = {Accessed: 2024-08-01. A representative source for European practices.}
}

@misc{AUN-QA_Challenges_VN,
    author = {Nguyen, Hoang},
    title  = {Challenges and Best Practices in Implementing AUN-QA Standards in Vietnamese Higher Education Institutions},
    year   = {2022},
    howpublished = {http://vjes.edu.vn/challenges-and-best-practices-implementing-aun-qa-standards-higher-education-institutions},
    note   = {Representative reference for challenges in Vietnam.}
}

@book{Senge2006,
  author    = {Senge, Peter M.},
  title     = {The Fifth Discipline: The Art \& Practice of The Learning Organization},
  publisher = {Doubleday},
  year      = {2006},
  note      = {Revised and updated edition. A foundational text on systems thinking and organizational learning.}
}

@misc{ChinaEQA_Overview,
    author    = {{Various Authors}},
    title     = {China's External Quality Assurance System for Higher Education: Institutional Roles, Recent Reforms, and Challenges},
    year      = {2024},
    note      = {A synthetic reference based on the provided document "China's External Quality Assurance System for Higher Education".}
}

@misc{ChinaEQA_Reforms2015,
    author    = {{Chinese Ministry of Education}},
    title     = {The Double First-Class Initiative and International Integration since 2015},
    year      = {2015-2024},
    note      = {A specific aspect reference from the document "China's External Quality Assurance System for Higher Education".}
}

@misc{ChinaEQA_Ideology2023,
    author    = {{Various Analysts}},
    title     = {Ideological Control and Political Integration in Chinese Higher Education Governance},
    year      = {2023},
    note      = {A specific aspect reference from the document "China's External Quality Assurance System for Higher Education", citing the introduction of the "Ideology and Politics Index".}
}

@misc{ChinaEQA_CEEAA_WA,
    author    = {{China Engineering Education Accreditation Association}},
    title     = {Professional Specialization and the Washington Accord Membership},
    year      = {2016},
    note      = {A specific aspect reference from the document "China's External Quality Assurance System for Higher Education".}
}

@misc{ChinaEQA_HEEC_Standards,
    author    = {{Higher Education Evaluation Centre of the MOE (HEEC)}},
    title     = {National Teaching Quality Standards and Five-Year Evaluation Cycles},
    year      = {2018-2021},
    note      = {A specific aspect reference from the document "China's External Quality Assurance System for Higher Education".}
}


