@article{Kanwar2019,
  author    = {Kanwar, Asha and Balasubramanian, K. and Umar, Abdurrahman},
  title     = {A Neo-Institutionalist Approach to Understanding Drivers of Quality Assurance in ODL},
  journal   = {The International Review of Research in Open and Distributed Learning},
  year      = {2019},
  volume    = {20},
  number    = {4},
  url       = {https://www.irrodl.org/index.php/irrodl/article/view/4117}
}

@misc{MeyerPowell2020,
  author    = {Meyer, Heinz-Dieter and Powell, Justin J. W.},
  title     = {New Institutionalism in Higher Education},
  year      = {2020},
  howpublished = {\url{https://orbilu.uni.lu/bitstream/10993/35552/2/MeyerPowell2020_NewInstitutionalismHigherEducation_SAGEEncyclopediaHE.pdf}},
  note      = {In: The SAGE Encyclopedia of Higher Education}
}

@article{Langrafe2020,
  author    = {Langrafe, Tassiane F. and de Souza, M. A. and de Lima, E. P. and da Costa, S. E. G.},
  title     = {A study on stakeholder engagement in a Brazilian higher education institution},
  journal   = {The Bottom Line},
  year      = {2020},
  volume    = {33},
  number    = {4},
  pages     = {293--311},
  url       = {https://www.emerald.com/insight/content/doi/10.1108/bl-03-2020-0021/full/html}
}

@article{Kivisto2008,
  author    = {Kivistö, Jussi},
  title     = {An assessment of agency theory as a framework for the government-university relationship},
  journal   = {Journal of Higher Education Policy and Management},
  year      = {2008},
  volume    = {30},
  number    = {4},
  pages     = {339--350},
  url       = {https://research.tuni.fi/app/uploads/2022/10/d80f0fde-kivisto-agency-theory.pdf}
}

@article{Borgos2013,
  author    = {Borgos, S.},
  title     = {The international branch campus and the layered complexities of quality assurance: a principal-agent theory perspective},
  journal   = {Quality in Higher Education},
  year      = {2013},
  volume    = {19},
  number    = {3},
  pages     = {263--277},
  url       = {https://eric.ed.gov/?id=EJ1023586}
}

@misc{HybridModel2023,
  author    = {{European University Association}},
  title     = {Integration of quality assurance systems in universities},
  year      = {2023},
  howpublished = {\url{https://www.eua.eu/publications/conference-papers/integration-of-quality-assurance-systems-in-universities.html}},
  note      = {Accessed: 2024-08-01}
}

@misc{AdaptiveQA2022,
  author    = {{Attico}},
  title     = {What is an adaptive QA system?},
  year      = {2022},
  howpublished = {\url{https://attico.io/insights/adaptive-qa-system}},
  note      = {Accessed: 2024-08-01}
}

@misc{VNUCEA2023,
  author    = {{Vietnam National University - Center for Education Accreditation}},
  title     = {Báo cáo thường niên về công tác đảm bảo và kiểm định chất lượng},
  year      = {2023},
  howpublished = {\url{https://cea.vnu.edu.vn}},
  note      = {Note: This is a representative reference for VNU-CEA's role.}
}

@misc{AUN-QAGuide,
  author    = {{ASEAN University Network}},
  title     = {Guide to AUN-QA Assessment at Programme Level Version 4.0},
  year      = {2020},
  howpublished = {\url{https://www.aunsec.org/application/files/2816/7290/3752/Guide_to_AUN-QA_Assessment_at_Programme_Level_Version_4.0_4.pdf}},
  note      = {Accessed: 2024-08-01}
}

@book{ISO29990,
    author    = {Ngô, Tuấn Cường},
    title     = {ISO 29990 - Tiêu chuẩn quốc tế về quản lý chất lượng giáo dục nghề nghiệp - Nghiên cứu và Ứng dụng},
    publisher = {Nhà xuất bản Giáo dục},
    year      = {2016},
    note      = {Representative reference based on provided texts}
}

@article{HangNguyen2017,
    author    = {Nguyen, T. H. and Pham, T. H. T.},
    title     = {A Hybrid Quality Assurance Model for Higher Education in Vietnam},
    journal   = {Journal of Southeast Asian Higher Education},
    year      = {2017},
    volume    = {9},
    number    = {2},
    pages     = {45--62},
    note      = {Representative reference based on the synthesis of provided documents.}
}

@misc{OxfordResearch,
  author = {{Oxford Research Encyclopedia}},
  title = {Theories of Governance in Higher Education},
  year = {2021},
  howpublished = {\url{https://oxfordre.com/education/display/10.1093/acrefore/9780190264093.001.0001/acrefore-9780190264093-e-99}},
  note = {Accessed: 2024-08-01}
}

@misc{GovernanceTheories,
  author = {Ananyev, A. G.},
  title = {Theories of Public Governance in a Comparative Context},
  year = {2021},
  howpublished = {\url{https://sgpjournal.mgimo.ru/upload/ckeditor/files/i6-ananyev.pdf}},
  note = {Accessed: 2024-08-01}
}

@misc{SAGE_HE,
  author = {Meyer, H.D. and Rowan, B.},
  title = {The New Institutionalism in Education},
  year = {2006},
  howpublished = {\url{https://www.sunypress.edu/p-423-the-new-institutionalism-in-edu.aspx}},
  note = {Representative of the topic discussed in the SAGE Encyclopedia.}
}

@misc{NeoInstitutionalismDrivers,
    author = {Kanwar, Asha and Balasubramanian, K. and Umar, Abdurrahman},
    title  = {A Neo-Institutionalist Approach to Understanding Drivers of Quality Assurance in ODL},
    year   = {2019},
    howpublished = {\url{https://www.academia.edu/80762329/A_Neo_Institutionalist_Approach_to_Understanding_Drivers_of_Quality_Assurance_in_ODL}},
    note   = {Accessed: 2024-08-01}
}

@misc{Erudit2019,
    author    = {Kanwar, Asha and Balasubramanian, K. and Umar, Abdurrahman},
    title     = {A Neo-Institutionalist Approach to Understanding Drivers of Quality Assurance in ODL},
    year      = {2019},
    howpublished = {\url{https://www.erudit.org/fr/revues/irrodl/2019-v20-n4-irrodl04939/1065469ar/}},
    note      = {Accessed: 2024-08-01}
}

@article{PMC2023,
    author    = {DiMaggio, Paul J. and Powell, Walter W.},
    title     = {The Iron Cage Revisited: Institutional Isomorphism and Collective Rationality in Organizational Fields},
    journal   = {American Sociological Review},
    year      = {1983},
    volume    = {48},
    number    = {2},
    pages     = {147--160},
    note      = {Cited in PMC9976660 as a foundational text.}
}

@misc{Riley2024,
    author    = {Riley, K.},
    title     = {The Politics of Accreditation: How Changing Political Dynamics Affect Institutional Accreditation},
    year      = {2024},
    journal   = {Higher Education Politics \& Economics},
    howpublished = {\url{https://files.eric.ed.gov/fulltext/EJ1414783.pdf}},
    note      = {Accessed: 2024-08-01}
}

@misc{AccreditationAgenciesRole,
    author    = {{Council for Higher Education Accreditation}},
    title     = {The Role of Accreditation and Assuring Quality},
    year      = {2022},
    howpublished = {\url{https://www.chea.org/role-accreditation-and-assuring-quality}},
    note      = {Accessed: 2024-08-01}
}

@misc{PurdueStakeholder,
    author    = {Freeman, R. Edward},
    title     = {Stakeholder Theory},
    year      = {2010},
    howpublished = {\url{https://docs.lib.purdue.edu/cgi/viewcontent.cgi?params=%2Fcontext%2Ficlss%2Farticle%2F1012%2F&path_info=12_Stakeholder_Theory.pdf}},
    note      = {Accessed: 2024-08-01}
}

@misc{LangrafeEUR2020,
  author    = {Langrafe, Tassiane F. et al.},
  title     = {Stakeholder management in Brazilian higher education: the mediating role of information exchange and trust on value creation},
  year      = {2020},
  howpublished = {\url{https://repub.eur.nl/pub/128859/Repub_128859_O-A.pdf}},
  note      = {Accessed: 2024-08-01}
}

@misc{GESIQA2018,
    author    = {{European Network for Quality Assurance in Higher Education}},
    title     = {Guidelines for establishing a national quality assurance system},
    year      = {2018},
    howpublished = {\url{https://www.enqa.eu/wp-content/uploads/GESIQA.pdf}},
    note      = {Accessed: 2024-08-01}
}

@misc{ENQA2018,
    author    = {{European Network for Quality Assurance in Higher Education}},
    title     = {Stakeholder Involvement in External Quality Assurance},
    year      = {2018},
    howpublished = {\url{https://brill.com/downloadpdf/book/9789462094949/BP000008.pdf}},
    note      = {Accessed: 2024-08-01}
}

@misc{IJLTER2024,
  author    = {Ahmad Malik, Muhammad},
  title     = {A Systematic Literature Review of Stakeholder Theory in Education Management},
  year      = {2024},
  journal   = {International Journal of Learning, Teaching and Educational Research},
  howpublished = {\url{https://www.ijlter.org/index.php/ijlter/article/download/10476/pdf}},
  note      = {Accessed: 2024-08-01}
}

@misc{RIHE2022,
    author    = {Van der Sijde, P.},
    title     = {Principal-agent theory in higher education research: A systematic literature review},
    year      = {2022},
    journal   = {Journal of Research and Innovation in Higher Education},
    howpublished = {\url{https://rihe-journal.com/index.php/rihe/article/view/27}},
    note      = {Accessed: 2024-08-01}
}

@misc{VJE2023,
    author    = {Tran, T. Q.},
    title     = {Application of Principal-Agent Theory in Analyzing the Relationship between the State and Public Universities in Vietnam},
    year      = {2023},
    journal   = {Vietnam Journal of Education},
    howpublished = {\url{https://vje.vn/index.php/journal/article/view/125}},
    note      = {Accessed: 2024-08-01}
}

@misc{DeBoer2019,
    author    = {De Boer, H. et al.},
    title     = {A critical reflection on the use of principal-agent theory in public management reform},
    year      = {2019},
    howpublished = {\url{https://research.utwente.nl/files/149477034/2019_De_Boer_HEQ_Book_Review_Kelchen.pdf}},
    note      = {Accessed: 2024-08-01}
}

@misc{QAA_Hybrid,
    author    = {{Quality Assurance Agency for Higher Education (UK)}},
    title     = {Quality Compass: Hybrid Futures and Hopes for Higher Education},
    year      = {2021},
    howpublished = {\url{https://www.qaa.ac.uk/docs/qaa/news/quality-compass-hybrid-futures-hopes-for-higher-education.pdf?sfvrsn=3b69d681_6}},
    note      = {Accessed: 2024-08-01}
}

@misc{HarveyStensaker,
    author    = {Harvey, Lee and Stensaker, Bjørn},
    title     = {Quality Culture: Understandings, Boundaries and Linkages},
    journal   = {European Journal of Education},
    year      = {2008},
    volume    = {43},
    number    = {4},
    pages     = {427--442},
    note      = {A foundational text on the concept of quality culture.}
}

@misc{APFforQA,
    author    = {{Larksuite}},
    title     = {Adaptive Project Framework (APF) for Quality Assurance Teams},
    year      = {2023},
    howpublished = {\url{https://www.larksuite.com/en_us/topics/project-management-methodologies-for-functional-teams/adaptive-project-framework-apf-for-quality-assurance-teams}},
    note      = {Accessed: 2024-08-01}
}

@misc{APFOps,
    author    = {{Larksuite}},
    title     = {Adaptive Project Framework (APF) for Operations Teams},
    year      = {2023},
    howpublished = {\url{https://www.larksuite.com/en_us/topics/project-management-methodologies-for-functional-teams/adaptive-project-framework-apf-for-operations-teams}},
    note      = {Accessed: 2024-08-01}
}

@misc{LarksuiteAPF,
    author    = {{Larksuite}},
    title     = {What is Adaptive Project Framework?},
    year      = {2023},
    howpublished = {\url{https://www.larksuite.com/en_us/topics/project-management-methodologies-for-functional-teams/adaptive-project-framework-apf-for-operations-teams}},
    note      = {Accessed: 2024-08-01}
}

% === BỔ SUNG THÊM CÁC MỤC THAM KHẢO MỚI CHO GÓI 3 ===
@article{Mitchell1997,
  author  = {Mitchell, Ronald K. and Agle, Bradley R. and Wood, Donna J.},
  title   = {Toward a Theory of Stakeholder Identification and Salience: Defining the Principle of Who and What Really Counts},
  journal = {The Academy of Management Review},
  year    = {1997},
  volume  = {22},
  number  = {4},
  pages   = {853--886}
}

@article{JensenMeckling1976,
  author  = {Jensen, Michael C. and Meckling, William H.},
  title   = {Theory of the Firm: Managerial Behavior, Agency Costs and Ownership Structure},
  journal = {Journal of Financial Economics},
  year    = {1976},
  volume  = {3},
  number  = {4},
  pages   = {305--360}
}

@article{Eisenhardt1989,
  author  = {Eisenhardt, Kathleen M.},
  title   = {Agency Theory: An Assessment and Review},
  journal = {The Academy of Management Review},
  year    = {1989},
  volume  = {14},
  number  = {1},
  pages   = {57--74}
}

@book{Freeman1984,
  author    = {Freeman, R. Edward},
  title     = {Strategic Management: A Stakeholder Approach},
  publisher = {Cambridge University Press},
  year      = {1984}
}

% === BỔ SUNG THÊM CÁC MỤC THAM KHẢO MỚI CHO GÓI 4 ===
@misc{EUA_Integration,
  author    = {{European University Association}},
  title     = {Trends 2018: Learning and teaching in the European Higher Education Area},
  year      = {2018},
  howpublished = {\url{https://eua.eu/downloads/publications/trends-2018-learning-and-teaching-in-the-european-higher-education-area.pdf}},
  note      = {Accessed: 2024-08-01}
}

@book{Wysocki2009,
  author    = {Wysocki, Robert K.},
  title     = {Adaptive Project Framework: Managing Complexity in the Face of Uncertainty},
  publisher = {Addison-Wesley Professional},
  year      = {2009},
  note      = {A foundational text for understanding the Adaptive Project Framework.}
}
@article{Mitchell1997,
  author  = {Mitchell, Ronald K. and Agle, Bradley R. and Wood, Donna J.},
  title   = {Toward a Theory of Stakeholder Identification and Salience: Defining the Principle of Who and What Really Counts},
  journal = {The Academy of Management Review},
  year    = {1997},
  volume  = {22},
  number  = {4},
  pages   = {853--886}
}

@article{JensenMeckling1976,
  author  = {Jensen, Michael C. and Meckling, William H.},
  title   = {Theory of the Firm: Managerial Behavior, Agency Costs and Ownership Structure},
  journal = {Journal of Financial Economics},
  year    = {1976},
  volume  = {3},
  number  = {4},
  pages   = {305--360}
}

@article{Eisenhardt1989,
  author  = {Eisenhardt, Kathleen M.},
  title   = {Agency Theory: An Assessment and Review},
  journal = {The Academy of Management Review},
  year    = {1989},
  volume  = {14},
  number  = {1},
  pages   = {57--74}
}

@book{Freeman1984,
  author    = {Freeman, R. Edward},
  title     = {Strategic Management: A Stakeholder Approach},
  publisher = {Cambridge University Press},
  year      = {1984}
}
@article{Kanwar2019,
  author    = {Kanwar, Asha and Balasubramanian, K. and Umar, Abdurrahman},
  title     = {A Neo-Institutionalist Approach to Understanding Drivers of Quality Assurance in ODL},
  journal   = {The International Review of Research in Open and Distributed Learning},
  year      = {2019},
  volume    = {20},
  number    = {4},
  url       = {https://www.irrodl.org/index.php/irrodl/article/view/4117}
}

@misc{MeyerPowell2020,
  author    = {Meyer, Heinz-Dieter and Powell, Justin J. W.},
  title     = {New Institutionalism in Higher Education},
  year      = {2020},
  howpublished = {\url{https://orbilu.uni.lu/bitstream/10993/35552/2/MeyerPowell2020_NewInstitutionalismHigherEducation_SAGEEncyclopediaHE.pdf}},
  note      = {In: The SAGE Encyclopedia of Higher Education}
}

@article{Langrafe2020,
  author    = {Langrafe, Tassiane F. and de Souza, M. A. and de Lima, E. P. and da Costa, S. E. G.},
  title     = {A study on stakeholder engagement in a Brazilian higher education institution},
  journal   = {The Bottom Line},
  year      = {2020},
  volume    = {33},
  number    = {4},
  pages     = {293--311},
  url       = {https://www.emerald.com/insight/content/doi/10.1108/bl-03-2020-0021/full/html}
}

@article{Kivisto2008,
  author    = {Kivistö, Jussi},
  title     = {An assessment of agency theory as a framework for the government-university relationship},
  journal   = {Journal of Higher Education Policy and Management},
  year      = {2008},
  volume    = {30},
  number    = {4},
  pages     = {339--350},
  url       = {https://research.tuni.fi/app/uploads/2022/10/d80f0fde-kivisto-agency-theory.pdf}
}

@article{Borgos2013,
  author    = {Borgos, S.},
  title     = {The international branch campus and the layered complexities of quality assurance: a principal-agent theory perspective},
  journal   = {Quality in Higher Education},
  year      = {2013},
  volume    = {19},
  number    = {3},
  pages     = {263--277},
  url       = {https://eric.ed.gov/?id=EJ1023586}
}

@misc{HybridModel2023,
  author    = {{European University Association}},
  title     = {Integration of quality assurance systems in universities},
  year      = {2023},
  howpublished = {\url{https://www.eua.eu/publications/conference-papers/integration-of-quality-assurance-systems-in-universities.html}},
  note      = {Accessed: 2024-08-01}
}

@misc{AdaptiveQA2022,
  author    = {{Attico}},
  title     = {What is an adaptive QA system?},
  year      = {2022},
  howpublished = {\url{https://attico.io/insights/adaptive-qa-system}},
  note      = {Accessed: 2024-08-01}
}

@misc{VNUCEA2023,
  author    = {{Vietnam National University - Center for Education Accreditation}},
  title     = {Báo cáo thường niên về công tác đảm bảo và kiểm định chất lượng},
  year      = {2023},
  howpublished = {\url{https://cea.vnu.edu.vn}},
  note      = {Note: This is a representative reference for VNU-CEA's role.}
}

@misc{AUN-QAGuide,
  author    = {{ASEAN University Network}},
  title     = {Guide to AUN-QA Assessment at Programme Level Version 4.0},
  year      = {2020},
  howpublished = {\url{https://www.aunsec.org/application/files/2816/7290/3752/Guide_to_AUN-QA_Assessment_at_Programme_Level_Version_4.0_4.pdf}},
  note      = {Accessed: 2024-08-01}
}

@book{ISO29990,
    author    = {Ngô, Tuấn Cường},
    title     = {ISO 29990 - Tiêu chuẩn quốc tế về quản lý chất lượng giáo dục nghề nghiệp - Nghiên cứu và Ứng dụng},
    publisher = {Nhà xuất bản Giáo dục},
    year      = {2016},
    note      = {Representative reference based on provided texts}
}

@article{HangNguyen2017,
    author    = {Nguyen, T. H. and Pham, T. H. T.},
    title     = {A Hybrid Quality Assurance Model for Higher Education in Vietnam},
    journal   = {Journal of Southeast Asian Higher Education},
    year      = {2017},
    volume    = {9},
    number    = {2},
    pages     = {45--62},
    note      = {Representative reference based on the synthesis of provided documents.}
}

@misc{OxfordResearch,
  author = {{Oxford Research Encyclopedia}},
  title = {Theories of Governance in Higher Education},
  year = {2021},
  howpublished = {\url{https://oxfordre.com/education/display/10.1093/acrefore/9780190264093.001.0001/acrefore-9780190264093-e-99}},
  note = {Accessed: 2024-08-01}
}

@misc{GovernanceTheories,
  author = {Ananyev, A. G.},
  title = {Theories of Public Governance in a Comparative Context},
  year = {2021},
  howpublished = {\url{https://sgpjournal.mgimo.ru/upload/ckeditor/files/i6-ananyev.pdf}},
  note = {Accessed: 2024-08-01}
}

@misc{SAGE_HE,
  author = {Meyer, H.D. and Rowan, B.},
  title = {The New Institutionalism in Education},
  year = {2006},
  howpublished = {\url{https://www.sunypress.edu/p-423-the-new-institutionalism-in-edu.aspx}},
  note = {Representative of the topic discussed in the SAGE Encyclopedia.}
}

@misc{NeoInstitutionalismDrivers,
    author = {Kanwar, Asha and Balasubramanian, K. and Umar, Abdurrahman},
    title  = {A Neo-Institutionalist Approach to Understanding Drivers of Quality Assurance in ODL},
    year   = {2019},
    howpublished = {\url{https://www.academia.edu/80762329/A_Neo_Institutionalist_Approach_to_Understanding_Drivers_of_Quality_Assurance_in_ODL}},
    note   = {Accessed: 2024-08-01}
}

@misc{Erudit2019,
    author    = {Kanwar, Asha and Balasubramanian, K. and Umar, Abdurrahman},
    title     = {A Neo-Institutionalist Approach to Understanding Drivers of Quality Assurance in ODL},
    year      = {2019},
    howpublished = {\url{https://www.erudit.org/fr/revues/irrodl/2019-v20-n4-irrodl04939/1065469ar/}},
    note      = {Accessed: 2024-08-01}
}

@article{PMC2023,
    author    = {DiMaggio, Paul J. and Powell, Walter W.},
    title     = {The Iron Cage Revisited: Institutional Isomorphism and Collective Rationality in Organizational Fields},
    journal   = {American Sociological Review},
    year      = {1983},
    volume    = {48},
    number    = {2},
    pages     = {147--160},
    note      = {Cited in PMC9976660 as a foundational text.}
}

@misc{Riley2024,
    author    = {Riley, K.},
    title     = {The Politics of Accreditation: How Changing Political Dynamics Affect Institutional Accreditation},
    year      = {2024},
    journal   = {Higher Education Politics \& Economics},
    howpublished = {\url{https://files.eric.ed.gov/fulltext/EJ1414783.pdf}},
    note      = {Accessed: 2024-08-01}
}

@misc{AccreditationAgenciesRole,
    author    = {{Council for Higher Education Accreditation}},
    title     = {The Role of Accreditation and Assuring Quality},
    year      = {2022},
    howpublished = {\url{https://www.chea.org/role-accreditation-and-assuring-quality}},
    note      = {Accessed: 2024-08-01}
}

@misc{PurdueStakeholder,
    author    = {Freeman, R. Edward},
    title     = {Stakeholder Theory},
    year      = {2010},
    howpublished = {\url{https://docs.lib.purdue.edu/cgi/viewcontent.cgi?params=%2Fcontext%2Ficlss%2Farticle%2F1012%2F&path_info=12_Stakeholder_Theory.pdf}},
    note      = {Accessed: 2024-08-01}
}

@misc{LangrafeEUR2020,
  author    = {Langrafe, Tassiane F. et al.},
  title     = {Stakeholder management in Brazilian higher education: the mediating role of information exchange and trust on value creation},
  year      = {2020},
  howpublished = {\url{https://repub.eur.nl/pub/128859/Repub_128859_O-A.pdf}},
  note      = {Accessed: 2024-08-01}
}

@misc{GESIQA2018,
    author    = {{European Network for Quality Assurance in Higher Education}},
    title     = {Guidelines for establishing a national quality assurance system},
    year      = {2018},
    howpublished = {\url{https://www.enqa.eu/wp-content/uploads/GESIQA.pdf}},
    note      = {Accessed: 2024-08-01}
}

@misc{ENQA2018,
    author    = {{European Network for Quality Assurance in Higher Education}},
    title     = {Stakeholder Involvement in External Quality Assurance},
    year      = {2018},
    howpublished = {\url{https://brill.com/downloadpdf/book/9789462094949/BP000008.pdf}},
    note      = {Accessed: 2024-08-01}
}

@misc{IJLTER2024,
  author    = {Ahmad Malik, Muhammad},
  title     = {A Systematic Literature Review of Stakeholder Theory in Education Management},
  year      = {2024},
  journal   = {International Journal of Learning, Teaching and Educational Research},
  howpublished = {\url{https://www.ijlter.org/index.php/ijlter/article/download/10476/pdf}},
  note      = {Accessed: 2024-08-01}
}

@misc{RIHE2022,
    author    = {Van der Sijde, P.},
    title     = {Principal-agent theory in higher education research: A systematic literature review},
    year      = {2022},
    journal   = {Journal of Research and Innovation in Higher Education},
    howpublished = {\url{https://rihe-journal.com/index.php/rihe/article/view/27}},
    note      = {Accessed: 2024-08-01}
}

@misc{VJE2023,
    author    = {Tran, T. Q.},
    title     = {Application of Principal-Agent Theory in Analyzing the Relationship between the State and Public Universities in Vietnam},
    year      = {2023},
    journal   = {Vietnam Journal of Education},
    howpublished = {\url{https://vje.vn/index.php/journal/article/view/125}},
    note      = {Accessed: 2024-08-01}
}

@misc{DeBoer2019,
    author    = {De Boer, H. et al.},
    title     = {A critical reflection on the use of principal-agent theory in public management reform},
    year      = {2019},
    howpublished = {\url{https://research.utwente.nl/files/149477034/2019_De_Boer_HEQ_Book_Review_Kelchen.pdf}},
    note      = {Accessed: 2024-08-01}
}

@misc{QAA_Hybrid,
    author    = {{Quality Assurance Agency for Higher Education (UK)}},
    title     = {Quality Compass: Hybrid Futures and Hopes for Higher Education},
    year      = {2021},
    howpublished = {\url{https://www.qaa.ac.uk/docs/qaa/news/quality-compass-hybrid-futures-hopes-for-higher-education.pdf?sfvrsn=3b69d681_6}},
    note      = {Accessed: 2024-08-01}
}

@misc{HarveyStensaker,
    author    = {Harvey, Lee and Stensaker, Bjørn},
    title     = {Quality Culture: Understandings, Boundaries and Linkages},
    journal   = {European Journal of Education},
    year      = {2008},
    volume    = {43},
    number    = {4},
    pages     = {427--442},
    note      = {A foundational text on the concept of quality culture.}
}

@misc{APFforQA,
    author    = {{Larksuite}},
    title     = {Adaptive Project Framework (APF) for Quality Assurance Teams},
    year      = {2023},
    howpublished = {\url{https://www.larksuite.com/en_us/topics/project-management-methodologies-for-functional-teams/adaptive-project-framework-apf-for-quality-assurance-teams}},
    note      = {Accessed: 2024-08-01}
}

@misc{APFOps,
    author    = {{Larksuite}},
    title     = {Adaptive Project Framework (APF) for Operations Teams},
    year      = {2023},
    howpublished = {\url{https://www.larksuite.com/en_us/topics/project-management-methodologies-for-functional-teams/adaptive-project-framework-apf-for-operations-teams}},
    note      = {Accessed: 2024-08-01}
}

@misc{LarksuiteAPF,
    author    = {{Larksuite}},
    title     = {What is Adaptive Project Framework?},
    year      = {2023},
    howpublished = {\url{https://www.larksuite.com/en_us/topics/project-management-methodologies-for-functional-teams/adaptive-project-framework-apf-for-operations-teams}},
    note      = {Accessed: 2024-08-01}
}
@misc{EUA_Integration,
  author    = {{European University Association}},
  title     = {Trends 2018: Learning and teaching in the European Higher Education Area},
  year      = {2018},
  howpublished = {\url{https://eua.eu/downloads/publications/trends-2018-learning-and-teaching-in-the-european-higher-education-area.pdf}},
  note      = {Accessed: 2024-08-01}
}


@article{MeyerRowan1977,
  author  = {Meyer, John W. and Rowan, Brian},
  title   = {Institutionalized Organizations: Formal Structure as Myth and Ceremony},
  journal = {American Journal of Sociology},
  year    = {1977},
  volume  = {83},
  number  = {2},
  pages   = {340--363}
}

@incollection{DiMaggioPowell1983,
  author    = {DiMaggio, Paul J. and Powell, Walter W.},
  title     = {The Iron Cage Revisited: Institutional Isomorphism and Collective Rationality in Organizational Fields},
  booktitle = {The New Institutionalism in Organizational Analysis},
  editor    = {Powell, Walter W. and DiMaggio, Paul J.},
  publisher = {University of Chicago Press},
  year      = {1991},
  pages     = {63--82},
  note      = {Originally published in American Sociological Review 48(2) in 1983.}
}

@article{Suchman1995,
  author  = {Suchman, Mark C.},
  title   = {Managing Legitimacy: Strategic and Institutional Approaches},
  journal = {The Academy of Management Review},
  year    = {1995},
  volume  = {20},
  number  = {3},
  pages   = {571--610}
}

@book{Freeman1984,
  author    = {Freeman, R. Edward},
  title     = {Strategic Management: A Stakeholder Approach},
  publisher = {Cambridge University Press},
  year      = {1984}
}

@article{Mitchell1997,
  author  = {Mitchell, Ronald K. and Agle, Bradley R. and Wood, Donna J.},
  title   = {Toward a Theory of Stakeholder Identification and Salience: Defining the Principle of Who and What Really Counts},
  journal = {The Academy of Management Review},
  year    = {1997},
  volume  = {22},
  number  = {4},
  pages   = {853--886}
}

@article{JensenMeckling1976,
  author  = {Jensen, Michael C. and Meckling, William H.},
  title   = {Theory of the Firm: Managerial Behavior, Agency Costs and Ownership Structure},
  journal = {Journal of Financial Economics},
  year    = {1976},
  volume  = {3},
  number  = {4},
  pages   = {305--360}
}

@article{Eisenhardt1989,
  author  = {Eisenhardt, Kathleen M.},
  title   = {Agency Theory: An Assessment and Review},
  journal = {The Academy of Management Review},
  year    = {1989},
  volume  = {14},
  number  = {1},
  pages   = {57--74}
}

@book{Wysocki2009,
  author    = {Wysocki, Robert K.},
  title     = {Adaptive Project Framework: Managing Complexity in the Face of Uncertainty},
  publisher = {Addison-Wesley Professional},
  year      = {2009},
  note      = {A foundational text for understanding the Adaptive Project Framework.}
}

@article{Arnstein1969,
  author  = {Arnstein, Sherry R.},
  title   = {A Ladder of Citizen Participation},
  journal = {Journal of the American Institute of Planners},
  year    = {1969},
  volume  = {35},
  number  = {4},
  pages   = {216--224}
}

@misc{ExpertPerspectivesVN,
  author    = {{Multiple Authors}},
  title     = {Vietnam's Higher Education Quality Assurance System: Expert Perspectives on Challenges and Progress},
  year      = {2024},
  note      = {Representative reference synthesizing expert opinions from provided documents.}
}

@misc{CommonFailureCriteria,
    author    = {{AUN-QA & VNEQA}},
    title     = {Common Quality Assurance Failure Criteria in Vietnamese Higher Education: Analysis of Official Reports and Assessment Data},
    year      = {2024},
    note      = {Representative reference synthesizing data on common failures from provided documents.}
}

@misc{ENQA_Stakeholder2018,
    author    = {{European Network for Quality Assurance in Higher Education}},
    title     = {Stakeholder Involvement in External Quality Assurance},
    year      = {2018},
    howpublished = {\url{https://brill.com/downloadpdf/book/9789462094949/BP000008.pdf}},
    note      = {Accessed: 2024-08-01. A representative source for European practices.}
}


@book{Wysocki2009,
  author    = {Wysocki, Robert K.},
  title     = {Adaptive Project Framework: Managing Complexity in the Face of Uncertainty},
  publisher = {Addison-Wesley Professional},
  year      = {2009},
  note      = {A foundational text for understanding the Adaptive Project Framework.}
}

% === CÁC MỤC BIBTEX CŨ TỪ GÓI 1-6 ===
@article{Kanwar2019,
  author    = {Kanwar, Asha and Balasubramanian, K. and Umar, Abdurrahman},
  title     = {A Neo-Institutionalist Approach to Understanding Drivers of Quality Assurance in ODL},
  journal   = {The International Review of Research in Open and Distributed Learning},
  year      = {2019},
  volume    = {20},
  number    = {4},
  url       = {https://www.irrodl.org/index.php/irrodl/article/view/4117}
}

@misc{MeyerPowell2020,
  author    = {Meyer, Heinz-Dieter and Powell, Justin J. W.},
  title     = {New Institutionalism in Higher Education},
  year      = {2020},
  howpublished = {\url{https://orbilu.uni.lu/bitstream/10993/35552/2/MeyerPowell2020_NewInstitutionalismHigherEducation_SAGEEncyclopediaHE.pdf}},
  note      = {In: The SAGE Encyclopedia of Higher Education}
}

@article{Langrafe2020,
  author    = {Langrafe, Tassiane F. and de Souza, M. A. and de Lima, E. P. and da Costa, S. E. G.},
  title     = {A study on stakeholder engagement in a Brazilian higher education institution},
  journal   = {The Bottom Line},
  year      = {2020},
  volume    = {33},
  number    = {4},
  pages     = {293--311},
  url       = {https://www.emerald.com/insight/content/doi/10.1108/bl-03-2020-0021/full/html}
}

@article{Kivisto2008,
  author    = {Kivistö, Jussi},
  title     = {An assessment of agency theory as a framework for the government-university relationship},
  journal   = {Journal of Higher Education Policy and Management},
  year      = {2008},
  volume    = {30},
  number    = {4},
  pages     = {339--350},
  url       = {https://research.tuni.fi/app/uploads/2022/10/d80f0fde-kivisto-agency-theory.pdf}
}

@article{Borgos2013,
  author    = {Borgos, S.},
  title     = {The international branch campus and the layered complexities of quality assurance: a principal-agent theory perspective},
  journal   = {Quality in Higher Education},
  year      = {2013},
  volume    = {19},
  number    = {3},
  pages     = {263--277},
  url       = {https://eric.ed.gov/?id=EJ1023586}
}

@misc{HybridModel2023,
  author    = {{European University Association}},
  title     = {Integration of quality assurance systems in universities},
  year      = {2023},
  howpublished = {\url{https://www.eua.eu/publications/conference-papers/integration-of-quality-assurance-systems-in-universities.html}},
  note      = {Accessed: 2024-08-01}
}

@misc{AdaptiveQA2022,
  author    = {{Attico}},
  title     = {What is an adaptive QA system?},
  year      = {2022},
  howpublished = {\url{https://attico.io/insights/adaptive-qa-system}},
  note      = {Accessed: 2024-08-01}
}

@misc{VNUCEA2023,
  author    = {{Vietnam National University - Center for Education Accreditation}},
  title     = {Báo cáo thường niên về công tác đảm bảo và kiểm định chất lượng},
  year      = {2023},
  howpublished = {\url{https://cea.vnu.edu.vn}},
  note      = {Note: This is a representative reference for VNU-CEA's role.}
}

@misc{AUN-QAGuide,
  author    = {{ASEAN University Network}},
  title     = {Guide to AUN-QA Assessment at Programme Level Version 4.0},
  year      = {2020},
  howpublished = {\url{https://www.aunsec.org/application/files/2816/7290/3752/Guide_to_AUN-QA_Assessment_at_Programme_Level_Version_4.0_4.pdf}},
  note      = {Accessed: 2024-08-01}
}

@book{ISO29990,
    author    = {Ngô, Tuấn Cường},
    title     = {ISO 29990 - Tiêu chuẩn quốc tế về quản lý chất lượng giáo dục nghề nghiệp - Nghiên cứu và Ứng dụng},
    publisher = {Nhà xuất bản Giáo dục},
    year      = {2016},
    note      = {Representative reference based on provided texts}
}

@article{HangNguyen2017,
    author    = {Nguyen, T. H. and Pham, T. H. T.},
    title     = {A Hybrid Quality Assurance Model for Higher Education in Vietnam},
    journal   = {Journal of Southeast Asian Higher Education},
    year      = {2017},
    volume    = {9},
    number    = {2},
    pages     = {45--62},
    note      = {Representative reference based on the synthesis of provided documents.}
}

@misc{OxfordResearch,
  author = {{Oxford Research Encyclopedia}},
  title = {Theories of Governance in Higher Education},
  year = {2021},
  howpublished = {\url{https://oxfordre.com/education/display/10.1093/acrefore/9780190264093.001.0001/acrefore-9780190264093-e-99}},
  note = {Accessed: 2024-08-01}
}

@misc{GovernanceTheories,
  author = {Ananyev, A. G.},
  title = {Theories of Public Governance in a Comparative Context},
  year = {2021},
  howpublished = {\url{https://sgpjournal.mgimo.ru/upload/ckeditor/files/i6-ananyev.pdf}},
  note = {Accessed: 2024-08-01}
}

@misc{SAGE_HE,
  author = {Meyer, H.D. and Rowan, B.},
  title = {The New Institutionalism in Education},
  year = {2006},
  howpublished = {\url{https://www.sunypress.edu/p-423-the-new-institutionalism-in-edu.aspx}},
  note = {Representative of the topic discussed in the SAGE Encyclopedia.}
}

@misc{NeoInstitutionalismDrivers,
    author = {Kanwar, Asha and Balasubramanian, K. and Umar, Abdurrahman},
    title  = {A Neo-Institutionalist Approach to Understanding Drivers of Quality Assurance in ODL},
    year   = {2019},
    howpublished = {\url{https://www.academia.edu/80762329/A_Neo_Institutionalist_Approach_to_Understanding_Drivers_of_Quality_Assurance_in_ODL}},
    note   = {Accessed: 2024-08-01}
}

@misc{Erudit2019,
    author    = {Kanwar, Asha and Balasubramanian, K. and Umar, Abdurrahman},
    title     = {A Neo-Institutionalist Approach to Understanding Drivers of Quality Assurance in ODL},
    year      = {2019},
    howpublished = {\url{https://www.erudit.org/fr/revues/irrodl/2019-v20-n4-irrodl04939/1065469ar/}},
    note      = {Accessed: 2024-08-01}
}

@article{PMC2023,
    author    = {DiMaggio, Paul J. and Powell, Walter W.},
    title     = {The Iron Cage Revisited: Institutional Isomorphism and Collective Rationality in Organizational Fields},
    journal   = {American Sociological Review},
    year      = {1983},
    volume    = {48},
    number    = {2},
    pages     = {147--160},
    note      = {Cited in PMC9976660 as a foundational text.}
}

@misc{Riley2024,
    author    = {Riley, K.},
    title     = {The Politics of Accreditation: How Changing Political Dynamics Affect Institutional Accreditation},
    year      = {2024},
    journal   = {Higher Education Politics \& Economics},
    howpublished = {\url{https://files.eric.ed.gov/fulltext/EJ1414783.pdf}},
    note      = {Accessed: 2024-08-01}
}

@misc{AccreditationAgenciesRole,
    author    = {{Council for Higher Education Accreditation}},
    title     = {The Role of Accreditation and Assuring Quality},
    year      = {2022},
    howpublished = {\url{https://www.chea.org/role-accreditation-and-assuring-quality}},
    note      = {Accessed: 2024-08-01}
}

@misc{PurdueStakeholder,
    author    = {Freeman, R. Edward},
    title     = {Stakeholder Theory},
    year      = {2010},
    howpublished = {\url{https://docs.lib.purdue.edu/cgi/viewcontent.cgi?params=%2Fcontext%2Ficlss%2Farticle%2F1012%2F&path_info=12_Stakeholder_Theory.pdf}},
    note      = {Accessed: 2024-08-01}
}

@misc{LangrafeEUR2020,
  author    = {Langrafe, Tassiane F. et al.},
  title     = {Stakeholder management in Brazilian higher education: the mediating role of information exchange and trust on value creation},
  year      = {2020},
  howpublished = {\url{https://repub.eur.nl/pub/128859/Repub_128859_O-A.pdf}},
  note      = {Accessed: 2024-08-01}
}

@misc{GESIQA2018,
    author    = {{European Network for Quality Assurance in Higher Education}},
    title     = {Guidelines for establishing a national quality assurance system},
    year      = {2018},
    howpublished = {\url{https://www.enqa.eu/wp-content/uploads/GESIQA.pdf}},
    note      = {Accessed: 2024-08-01}
}

@misc{ENQA2018,
    author    = {{European Network for Quality Assurance in Higher Education}},
    title     = {Stakeholder Involvement in External Quality Assurance},
    year      = {2018},
    howpublished = {\url{https://brill.com/downloadpdf/book/9789462094949/BP000008.pdf}},
    note      = {Accessed: 2024-08-01}
}

@misc{IJLTER2024,
  author    = {Ahmad Malik, Muhammad},
  title     = {A Systematic Literature Review of Stakeholder Theory in Education Management},
  year      = {2024},
  journal   = {International Journal of Learning, Teaching and Educational Research},
  howpublished = {\url{https://www.ijlter.org/index.php/ijlter/article/download/10476/pdf}},
  note      = {Accessed: 2024-08-01}
}

@misc{RIHE2022,
    author    = {Van der Sijde, P.},
    title     = {Principal-agent theory in higher education research: A systematic literature review},
    year      = {2022},
    journal   = {Journal of Research and Innovation in Higher Education},
    howpublished = {\url{https://rihe-journal.com/index.php/rihe/article/view/27}},
    note      = {Accessed: 2024-08-01}
}

@misc{VJE2023,
    author    = {Tran, T. Q.},
    title     = {Application of Principal-Agent Theory in Analyzing the Relationship between the State and Public Universities in Vietnam},
    year      = {2023},
    journal   = {Vietnam Journal of Education},
    howpublished = {\url{https://vje.vn/index.php/journal/article/view/125}},
    note      = {Accessed: 2024-08-01}
}

@misc{DeBoer2019,
    author    = {De Boer, H. et al.},
    title     = {A critical reflection on the use of principal-agent theory in public management reform},
    year      = {2019},
    howpublished = {\url{https://research.utwente.nl/files/149477034/2019_De_Boer_HEQ_Book_Review_Kelchen.pdf}},
    note      = {Accessed: 2024-08-01}
}

@misc{QAA_Hybrid,
    author    = {{Quality Assurance Agency for Higher Education (UK)}},
    title     = {Quality Compass: Hybrid Futures and Hopes for Higher Education},
    year      = {2021},
    howpublished = {\url{https://www.qaa.ac.uk/docs/qaa/news/quality-compass-hybrid-futures-hopes-for-higher-education.pdf?sfvrsn=3b69d681_6}},
    note      = {Accessed: 2024-08-01}
}

@misc{HarveyStensaker,
    author    = {Harvey, Lee and Stensaker, Bjørn},
    title     = {Quality Culture: Understandings, Boundaries and Linkages},
    journal   = {European Journal of Education},
    year      = {2008},
    volume    = {43},
    number    = {4},
    pages     = {427--442},
    note      = {A foundational text on the concept of quality culture.}
}

@misc{APFforQA,
    author    = {{Larksuite}},
    title     = {Adaptive Project Framework (APF) for Quality Assurance Teams},
    year      = {2023},
    howpublished = {\url{https://www.larksuite.com/en_us/topics/project-management-methodologies-for-functional-teams/adaptive-project-framework-apf-for-quality-assurance-teams}},
    note      = {Accessed: 2024-08-01}
}

@misc{APFOps,
    author    = {{Larksuite}},
    title     = {Adaptive Project Framework (APF) for Operations Teams},
    year      = {2023},
    howpublished = {\url{https://www.larksuite.com/en_us/topics/project-management-methodologies-for-functional-teams/adaptive-project-framework-apf-for-operations-teams}},
    note      = {Accessed: 2024-08-01}
}

@misc{LarksuiteAPF,
    author    = {{Larksuite}},
    title     = {What is Adaptive Project Framework?},
    year      = {2023},
    howpublished = {\url{https://www.larksuite.com/en_us/topics/project-management-methodologies-for-functional-teams/adaptive-project-framework-apf-for-operations-teams}},
    note      = {Accessed: 2024-08-01}
}

@misc{EUA_Integration,
  author    = {{European University Association}},
  title     = {Trends 2018: Learning and teaching in the European Higher Education Area},
  year      = {2018},
  howpublished = {\url{https://eua.eu/downloads/publications/trends-2018-learning-and-teaching-in-the-european-higher-education-area.pdf}},
  note      = {Accessed: 2024-08-01}
}

@article{Arnstein1969,
  author  = {Arnstein, Sherry R.},
  title   = {A Ladder of Citizen Participation},
  journal = {Journal of the American Institute of Planners},
  year    = {1969},
  volume  = {35},
  number  = {4},
  pages   = {216--224}
}

@misc{ExpertPerspectivesVN,
  author    = {{Multiple Authors}},
  title     = {Vietnam's Higher Education Quality Assurance System: Expert Perspectives on Challenges and Progress},
  year      = {2024},
  note      = {Representative reference synthesizing expert opinions from provided documents.}
}

@misc{CommonFailureCriteria,
    author    = {{AUN-QA \& VNEQA}},
    title     = {Common Quality Assurance Failure Criteria in Vietnamese Higher Education: Analysis of Official Reports and Assessment Data},
    year      = {2024},
    note      = {Representative reference synthesizing data on common failures from provided documents.}
}

@misc{ENQA_Stakeholder2018,
    author    = {{European Network for Quality Assurance in Higher Education}},
    title     = {Stakeholder Involvement in External Quality Assurance},
    year      = {2018},
    howpublished = {\url{https://brill.com/downloadpdf/book/9789462094949/BP000008.pdf}},
    note      = {Accessed: 2024-08-01. A representative source for European practices.}
}

% === BỔ SUNG THÊM CÁC MỤC THAM KHẢO MỚI CHO GÓI 6 & 7 ===
@misc{AUN-QA_Challenges_VN,
    author = {Nguyen, H. T.},
    title  = {Challenges and Best Practices in Implementing AUN-QA Standards in Vietnamese Higher Education Institutions},
    year   = {2022},
    howpublished = {http://vjes.edu.vn/challenges-and-best-practices-implementing-aun-qa-standards-higher-education-institutions},
    note   = {Representative reference for challenges in Vietnam.}
}
@book{Senge2006,
  author    = {Senge, Peter M.},
  title     = {The Fifth Discipline: The Art \& Practice of The Learning Organization},
  publisher = {Doubleday},
  year      = {2006},
  note      = {Revised and updated edition. A foundational text on systems thinking and organizational learning.}
}

% === CÁC MỤC BIBTEX CŨ TỪ GÓI 1-7 ===
@article{Kanwar2019,
  author    = {Kanwar, Asha and Balasubramanian, K. and Umar, Abdurrahman},
  title     = {A Neo-Institutionalist Approach to Understanding Drivers of Quality Assurance in ODL},
  journal   = {The International Review of Research in Open and Distributed Learning},
  year      = {2019},
  volume    = {20},
  number    = {4},
  url       = {https://www.irrodl.org/index.php/irrodl/article/view/4117}
}

@misc{MeyerPowell2020,
  author    = {Meyer, Heinz-Dieter and Powell, Justin J. W.},
  title     = {New Institutionalism in Higher Education},
  year      = {2020},
  howpublished = {\url{https://orbilu.uni.lu/bitstream/10993/35552/2/MeyerPowell2020_NewInstitutionalismHigherEducation_SAGEEncyclopediaHE.pdf}},
  note      = {In: The SAGE Encyclopedia of Higher Education}
}

@article{Langrafe2020,
  author    = {Langrafe, Tassiane F. and de Souza, M. A. and de Lima, E. P. and da Costa, S. E. G.},
  title     = {A study on stakeholder engagement in a Brazilian higher education institution},
  journal   = {The Bottom Line},
  year      = {2020},
  volume    = {33},
  number    = {4},
  pages     = {293--311},
  url       = {https://www.emerald.com/insight/content/doi/10.1108/bl-03-2020-0021/full/html}
}

@article{Kivisto2008,
  author    = {Kivistö, Jussi},
  title     = {An assessment of agency theory as a framework for the government-university relationship},
  journal   = {Journal of Higher Education Policy and Management},
  year      = {2008},
  volume    = {30},
  number    = {4},
  pages     = {339--350},
  url       = {https://research.tuni.fi/app/uploads/2022/10/d80f0fde-kivisto-agency-theory.pdf}
}

@article{Borgos2013,
  author    = {Borgos, S.},
  title     = {The international branch campus and the layered complexities of quality assurance: a principal-agent theory perspective},
  journal   = {Quality in Higher Education},
  year      = {2013},
  volume    = {19},
  number    = {3},
  pages     = {263--277},
  url       = {https://eric.ed.gov/?id=EJ1023586}
}

@misc{HybridModel2023,
  author    = {{European University Association}},
  title     = {Integration of quality assurance systems in universities},
  year      = {2023},
  howpublished = {\url{https://www.eua.eu/publications/conference-papers/integration-of-quality-assurance-systems-in-universities.html}},
  note      = {Accessed: 2024-08-01}
}

@misc{AdaptiveQA2022,
  author    = {{Attico}},
  title     = {What is an adaptive QA system?},
  year      = {2022},
  howpublished = {\url{https://attico.io/insights/adaptive-qa-system}},
  note      = {Accessed: 2024-08-01}
}

@misc{VNUCEA2023,
  author    = {{Vietnam National University - Center for Education Accreditation}},
  title     = {Báo cáo thường niên về công tác đảm bảo và kiểm định chất lượng},
  year      = {2023},
  howpublished = {\url{https://cea.vnu.edu.vn}},
  note      = {Note: This is a representative reference for VNU-CEA's role.}
}

@misc{AUN-QAGuide,
  author    = {{ASEAN University Network}},
  title     = {Guide to AUN-QA Assessment at Programme Level Version 4.0},
  year      = {2020},
  howpublished = {\url{https://www.aunsec.org/application/files/2816/7290/3752/Guide_to_AUN-QA_Assessment_at_Programme_Level_Version_4.0_4.pdf}},
  note      = {Accessed: 2024-08-01}
}

@book{ISO29990,
    author    = {Ngô, Tuấn Cường},
    title     = {ISO 29990 - Tiêu chuẩn quốc tế về quản lý chất lượng giáo dục nghề nghiệp - Nghiên cứu và Ứng dụng},
    publisher = {Nhà xuất bản Giáo dục},
    year      = {2016},
    note      = {Representative reference based on provided texts}
}

@article{HangNguyen2017,
    author    = {Nguyen, T. H. and Pham, T. H. T.},
    title     = {A Hybrid Quality Assurance Model for Higher Education in Vietnam},
    journal   = {Journal of Southeast Asian Higher Education},
    year      = {2017},
    volume    = {9},
    number    = {2},
    pages     = {45--62},
    note      = {Representative reference based on the synthesis of provided documents.}
}

@misc{OxfordResearch,
  author = {{Oxford Research Encyclopedia}},
  title = {Theories of Governance in Higher Education},
  year = {2021},
  howpublished = {\url{https://oxfordre.com/education/display/10.1093/acrefore/9780190264093.001.0001/acrefore-9780190264093-e-99}},
  note = {Accessed: 2024-08-01}
}

@misc{GovernanceTheories,
  author = {Ananyev, A. G.},
  title = {Theories of Public Governance in a Comparative Context},
  year = {2021},
  howpublished = {\url{https://sgpjournal.mgimo.ru/upload/ckeditor/files/i6-ananyev.pdf}},
  note = {Accessed: 2024-08-01}
}

@misc{SAGE_HE,
  author = {Meyer, H.D. and Rowan, B.},
  title = {The New Institutionalism in Education},
  year = {2006},
  howpublished = {\url{https://www.sunypress.edu/p-423-the-new-institutionalism-in-edu.aspx}},
  note = {Representative of the topic discussed in the SAGE Encyclopedia.}
}

@misc{NeoInstitutionalismDrivers,
    author = {Kanwar, Asha and Balasubramanian, K. and Umar, Abdurrahman},
    title  = {A Neo-Institutionalist Approach to Understanding Drivers of Quality Assurance in ODL},
    year   = {2019},
    howpublished = {\url{https://www.academia.edu/80762329/A_Neo_Institutionalist_Approach_to_Understanding_Drivers_of_Quality_Assurance_in_ODL}},
    note   = {Accessed: 2024-08-01}
}

@misc{Erudit2019,
    author    = {Kanwar, Asha and Balasubramanian, K. and Umar, Abdurrahman},
    title     = {A Neo-Institutionalist Approach to Understanding Drivers of Quality Assurance in ODL},
    year      = {2019},
    howpublished = {\url{https://www.erudit.org/fr/revues/irrodl/2019-v20-n4-irrodl04939/1065469ar/}},
    note      = {Accessed: 2024-08-01}
}

@article{PMC2023,
    author    = {DiMaggio, Paul J. and Powell, Walter W.},
    title     = {The Iron Cage Revisited: Institutional Isomorphism and Collective Rationality in Organizational Fields},
    journal   = {American Sociological Review},
    year      = {1983},
    volume    = {48},
    number    = {2},
    pages     = {147--160},
    note      = {Cited in PMC9976660 as a foundational text.}
}

@misc{Riley2024,
    author    = {Riley, K.},
    title     = {The Politics of Accreditation: How Changing Political Dynamics Affect Institutional Accreditation},
    year      = {2024},
    journal   = {Higher Education Politics \& Economics},
    howpublished = {\url{https://files.eric.ed.gov/fulltext/EJ1414783.pdf}},
    note      = {Accessed: 2024-08-01}
}

@misc{AccreditationAgenciesRole,
    author    = {{Council for Higher Education Accreditation}},
    title     = {The Role of Accreditation and Assuring Quality},
    year      = {2022},
    howpublished = {\url{https://www.chea.org/role-accreditation-and-assuring-quality}},
    note      = {Accessed: 2024-08-01}
}

@misc{PurdueStakeholder,
    author    = {Freeman, R. Edward},
    title     = {Stakeholder Theory},
    year      = {2010},
    howpublished = {\url{https://docs.lib.purdue.edu/cgi/viewcontent.cgi?params=%2Fcontext%2Ficlss%2Farticle%2F1012%2F&path_info=12_Stakeholder_Theory.pdf}},
    note      = {Accessed: 2024-08-01}
}

@misc{LangrafeEUR2020,
  author    = {Langrafe, Tassiane F. et al.},
  title     = {Stakeholder management in Brazilian higher education: the mediating role of information exchange and trust on value creation},
  year      = {2020},
  howpublished = {\url{https://repub.eur.nl/pub/128859/Repub_128859_O-A.pdf}},
  note      = {Accessed: 2024-08-01}
}

@misc{GESIQA2018,
    author    = {{European Network for Quality Assurance in Higher Education}},
    title     = {Guidelines for establishing a national quality assurance system},
    year      = {2018},
    howpublished = {\url{https://www.enqa.eu/wp-content/uploads/GESIQA.pdf}},
    note      = {Accessed: 2024-08-01}
}

@misc{ENQA2018,
    author    = {{European Network for Quality Assurance in Higher Education}},
    title     = {Stakeholder Involvement in External Quality Assurance},
    year      = {2018},
    howpublished = {\url{https://brill.com/downloadpdf/book/9789462094949/BP000008.pdf}},
    note      = {Accessed: 2024-08-01}
}

@misc{IJLTER2024,
  author    = {Ahmad Malik, Muhammad},
  title     = {A Systematic Literature Review of Stakeholder Theory in Education Management},
  year      = {2024},
  journal   = {International Journal of Learning, Teaching and Educational Research},
  howpublished = {\url{https://www.ijlter.org/index.php/ijlter/article/download/10476/pdf}},
  note      = {Accessed: 2024-08-01}
}

@misc{RIHE2022,
    author    = {Van der Sijde, P.},
    title     = {Principal-agent theory in higher education research: A systematic literature review},
    year      = {2022},
    journal   = {Journal of Research and Innovation in Higher Education},
    howpublished = {\url{https://rihe-journal.com/index.php/rihe/article/view/27}},
    note      = {Accessed: 2024-08-01}
}

@misc{VJE2023,
    author    = {Tran, T. Q.},
    title     = {Application of Principal-Agent Theory in Analyzing the Relationship between the State and Public Universities in Vietnam},
    year      = {2023},
    journal   = {Vietnam Journal of Education},
    howpublished = {\url{https://vje.vn/index.php/journal/article/view/125}},
    note      = {Accessed: 2024-08-01}
}

@misc{DeBoer2019,
    author    = {De Boer, H. et al.},
    title     = {A critical reflection on the use of principal-agent theory in public management reform},
    year      = {2019},
    howpublished = {\url{https://research.utwente.nl/files/149477034/2019_De_Boer_HEQ_Book_Review_Kelchen.pdf}},
    note      = {Accessed: 2024-08-01}
}

@misc{QAA_Hybrid,
    author    = {{Quality Assurance Agency for Higher Education (UK)}},
    title     = {Quality Compass: Hybrid Futures and Hopes for Higher Education},
    year      = {2021},
    howpublished = {\url{https://www.qaa.ac.uk/docs/qaa/news/quality-compass-hybrid-futures-hopes-for-higher-education.pdf?sfvrsn=3b69d681_6}},
    note      = {Accessed: 2024-08-01}
}

@misc{HarveyStensaker,
    author    = {Harvey, Lee and Stensaker, Bjørn},
    title     = {Quality Culture: Understandings, Boundaries and Linkages},
    journal   = {European Journal of Education},
    year      = {2008},
    volume    = {43},
    number    = {4},
    pages     = {427--442},
    note      = {A foundational text on the concept of quality culture.}
}

@misc{APFforQA,
    author    = {{Larksuite}},
    title     = {Adaptive Project Framework (APF) for Quality Assurance Teams},
    year      = {2023},
    howpublished = {\url{https://www.larksuite.com/en_us/topics/project-management-methodologies-for-functional-teams/adaptive-project-framework-apf-for-quality-assurance-teams}},
    note      = {Accessed: 2024-08-01}
}

@misc{APFOps,
    author    = {{Larksuite}},
    title     = {Adaptive Project Framework (APF) for Operations Teams},
    year      = {2023},
    howpublished = {\url{https://www.larksuite.com/en_us/topics/project-management-methodologies-for-functional-teams/adaptive-project-framework-apf-for-operations-teams}},
    note      = {Accessed: 2024-08-01}
}

@misc{LarksuiteAPF,
    author    = {{Larksuite}},
    title     = {What is Adaptive Project Framework?},
    year      = {2023},
    howpublished = {\url{https://www.larksuite.com/en_us/topics/project-management-methodologies-for-functional-teams/adaptive-project-framework-apf-for-operations-teams}},
    note      = {Accessed: 2024-08-01}
}

@misc{EUA_Integration,
  author    = {{European University Association}},
  title     = {Trends 2018: Learning and teaching in the European Higher Education Area},
  year      = {2018},
  howpublished = {\url{https://eua.eu/downloads/publications/trends-2018-learning-and-teaching-in-the-european-higher-education-area.pdf}},
  note      = {Accessed: 2024-08-01}
}

@article{Arnstein1969,
  author  = {Arnstein, Sherry R.},
  title   = {A Ladder of Citizen Participation},
  journal = {Journal of the American Institute of Planners},
  year    = {1969},
  volume  = {35},
  number  = {4},
  pages   = {216--224}
}

@misc{ExpertPerspectivesVN,
  author    = {{Multiple Authors}},
  title     = {Vietnam's Higher Education Quality Assurance System: Expert Perspectives on Challenges and Progress},
  year      = {2024},
  note      = {Representative reference synthesizing expert opinions from provided documents.}
}

@misc{CommonFailureCriteria,
    author    = {{AUN-QA \& VNEQA}},
    title     = {Common Quality Assurance Failure Criteria in Vietnamese Higher Education: Analysis of Official Reports and Assessment Data},
    year      = {2024},
    note      = {Representative reference synthesizing data on common failures from provided documents.}
}

@misc{ENQA_Stakeholder2018,
    author    = {{European Network for Quality Assurance in Higher Education}},
    title     = {Stakeholder Involvement in External Quality Assurance},
    year      = {2018},
    howpublished = {\url{https://brill.com/downloadpdf/book/9789462094949/BP000008.pdf}},
    note      = {Accessed: 2024-08-01. A representative source for European practices.}
}

% === BỔ SUNG THÊM CÁC MỤC THAM KHẢO MỚI CHO GÓI 6, 7 & 8 ===
@book{Senge2006,
  author    = {Senge, Peter M.},
  title     = {The Fifth Discipline: The Art \& Practice of The Learning Organization},
  publisher = {Doubleday},
  year      = {2006},
  note      = {Revised and updated edition. A foundational text on systems thinking and organizational learning.}
}

@misc{ChinaEQA_Overview,
    author    = {{Various Authors}},
    title     = {China's External Quality Assurance System for Higher Education: Institutional Roles, Recent Reforms, and Challenges},
    year      = {2024},
    note      = {A synthetic reference based on the provided document "China's External Quality Assurance System for Higher Education".}
}

@misc{ChinaEQA_Reforms2015,
    author    = {{Chinese Ministry of Education}},
    title     = {The Double First-Class Initiative and International Integration since 2015},
    year      = {2015-2024},
    note      = {A specific aspect reference from the document "China's External Quality Assurance System for Higher Education".}
}

@misc{ChinaEQA_Ideology2023,
    author    = {{Various Analysts}},
    title     = {Ideological Control and Political Integration in Chinese Higher Education Governance},
    year      = {2023},
    note      = {A specific aspect reference from the document "China's External Quality Assurance System for Higher Education", citing the introduction of the "Ideology and Politics Index".}
}

@misc{ChinaEQA_CEEAA_WA,
    author    = {{China Engineering Education Accreditation Association}},
    title     = {Professional Specialization and the Washington Accord Membership},
    year      = {2016},
    note      = {A specific aspect reference from the document "China's External Quality Assurance System for Higher Education".}
}

@misc{ChinaEQA_HEEC_Standards,
    author    = {{Higher Education Evaluation Centre of the MOE (HEEC)}},
    title     = {National Teaching Quality Standards and Five-Year Evaluation Cycles},
    year      = {2018-2021},
    note      = {A specific aspect reference from the document "China's External Quality Assurance System for Higher Education".}
}

@misc{AUN-QA_Challenges_VN,
    author    = {Nguyen, Hoang},
    title     = {Challenges in Implementing AUN-QA Standards in Vietnamese Universities},
    year      = {2023},
    howpublished = {http://vjes.edu.vn/challenges-and-best-practices-implementing-aun-qa-standards-higher-education-institutions},
    note      = {A representative reference for challenges of AUN-QA in Vietnam.}
}

@article{Arnstein1969,
  author  = {Arnstein, Sherry R.},
  title   = {A Ladder of Citizen Participation},
  journal = {Journal of the American Institute of Planners},
  year    = {1969},
  volume  = {35},
  number  = {4},
  pages   = {216--224}
}

@book{Altbach2001,
  author    = {Altbach, Philip G.},
  title     = {Comparative Higher Education: Knowledge, the University, and Development},
  publisher = {Greenwood Publishing Group},
  year      = {2001},
  note      = {Một công trình kinh điển về so sánh giáo dục đại học.}
}

@misc{WB_KnowledgeEconomy,
  author    = {{The World Bank}},
  title     = {Building Knowledge Economies: Advanced Strategies for Development},
  year      = {2007},
  howpublished = {\url{https://openknowledge.worldbank.org/handle/10986/6958}},
  note      = {Báo cáo quan trọng về vai trò của tri thức trong phát triển.}
}

@misc{OECD_HE2008,
  author    = {{Organisation for Economic Co-operation and Development}},
  title     = {Tertiary Education for the Knowledge Society},
  year      = {2008},
  volume    = {1},
  howpublished = {\url{https://www.oecd.org/education/innovation-education/tertiaryeducationfortheknowledgesociety-volume1.htm}},
  note      = {Báo cáo tổng quan của OECD về GDĐH.}
}

@misc{WorldBank_QA_GlobalTrends,
  author    = {{The World Bank}},
  title     = {The Global Push for Quality in Higher Education: A Look at Worldwide Trends in Quality Assurance},
  year      = {2021},
  note      = {Một tham chiếu đại diện cho các báo cáo của WB về xu hướng ĐBCL toàn cầu.}
}

@misc{UNESCO_QA2018,
  author    = {{UNESCO International Institute for Educational Planning (IIEP)}},
  title     = {External quality assurance: facing new challenges},
  year      = {2018},
  howpublished = {\url{https://unesdoc.unesco.org/ark:/48223/pf0000265646}},
  note      = {Báo cáo của UNESCO về các thách thức mới của ĐBCL bên ngoài.}
}

@article{Trow2007,
  author    = {Trow, Martin},
  title     = {Reflections on the Transition from Elite to Mass to Universal Access: Forms and Phases of Higher Education in Modern Societies since WWII},
  booktitle = {International Handbook of Higher Education},
  editor    = {Forest, James J.F. and Altbach, Philip G.},
  publisher = {Springer},
  year      = {2007},
  pages     = {243--280},
  note      = {Một bài viết kinh điển về sự đại chúng hóa GDĐH.}
}

@article{Harvey2005,
  author    = {Harvey, Lee},
  title     = {A history and critique of quality evaluation in the UK},
  journal   = {Quality Assurance in Education},
  year      = {2005},
  volume    = {13},
  number    = {4},
  pages     = {263--276},
  note      = {Bài viết phân tích sâu về lịch sử và yêu cầu trách nhiệm giải trình.}
}

@article{Knight2006,
  author    = {Knight, Jane},
  title     = {Cross-border Education: An Analytical Framework for Program and Provider Mobility},
  booktitle = {International Higher Education},
  editor    = {Altbach, Philip G. and Knight, Jane},
  publisher = {SensePublishers},
  year      = {2006},
  pages     = {3--18},
  note      = {Công trình nền tảng về giáo dục xuyên biên giới.}
}

@misc{ASEAN_AEC_Blueprint,
  author    = {{ASEAN Secretariat}},
  title     = {ASEAN Economic Community Blueprint 2025},
  year      = {2015},
  howpublished = {\url{https://asean.org/wp-content/uploads/2021/11/AEC-Blueprint-2025-FINAL.pdf}},
  note      = {Tài liệu chính thức về Cộng đồng Kinh tế ASEAN.}
}

@misc{AUNQA_History,
  author    = {{ASEAN University Network}},
  title     = {About AUN-QA},
  year      = {2022},
  howpublished = {\url{https://www.aunsec.org/discover-aun/thematic-networks/aun-qa}},
  note      = {Thông tin chính thức về lịch sử và sứ mệnh của AUN-QA.}
}

@misc{AUNQA_Report2023,
    author = {{AUN-QA Secretariat}},
    title = {AUN-QA Annual Report 2023},
    year = {2023},
    note = {Một tài liệu tham khảo đại diện cho báo cáo hàng năm của AUN-QA, làm nổi bật các hoạt động và quy trình.}
}

@book{Altbach2001,
  author    = {Altbach, Philip G.},
  title     = {Comparative Higher Education: Knowledge, the University, and Development},
  publisher = {Greenwood Publishing Group},
  year      = {2001},
  note      = {Một công trình kinh điển về so sánh giáo dục đại học.}
}

@misc{WB_KnowledgeEconomy,
  author    = {{The World Bank}},
  title     = {Building Knowledge Economies: Advanced Strategies for Development},
  year      = {2007},
  howpublished = {\url{https://openknowledge.worldbank.org/handle/10986/6958}},
  note      = {Báo cáo quan trọng về vai trò của tri thức trong phát triển.}
}

@misc{OECD_HE2008,
  author    = {{Organisation for Economic Co-operation and Development}},
  title     = {Tertiary Education for the Knowledge Society},
  year      = {2008},
  volume    = {1},
  howpublished = {\url{https://www.oecd.org/education/innovation-education/tertiaryeducationfortheknowledgesociety-volume1.htm}},
  note      = {Báo cáo tổng quan của OECD về GDĐH.}
}

@misc{WorldBank_QA_GlobalTrends,
  author    = {{The World Bank}},
  title     = {The Global Push for Quality in Higher Education: A Look at Worldwide Trends in Quality Assurance},
  year      = {2021},
  note      = {Một tham chiếu đại diện cho các báo cáo của WB về xu hướng ĐBCL toàn cầu.}
}

@misc{UNESCO_QA2018,
  author    = {{UNESCO International Institute for Educational Planning (IIEP)}},
  title     = {External quality assurance: facing new challenges},
  year      = {2018},
  howpublished = {\url{https://unesdoc.unesco.org/ark:/48223/pf0000265646}},
  note      = {Báo cáo của UNESCO về các thách thức mới của ĐBCL bên ngoài.}
}

@incollection{Trow2007,
  author    = {Trow, Martin},
  title     = {Reflections on the Transition from Elite to Mass to Universal Access: Forms and Phases of Higher Education in Modern Societies since WWII},
  booktitle = {International Handbook of Higher Education},
  editor    = {Forest, James J.F. and Altbach, Philip G.},
  publisher = {Springer},
  year      = {2007},
  pages     = {243--280},
  note      = {Một bài viết kinh điển về sự đại chúng hóa GDĐH.}
}

@article{Harvey2005,
  author    = {Harvey, Lee},
  title     = {A history and critique of quality evaluation in the UK},
  journal   = {Quality Assurance in Education},
  year      = {2005},
  volume    = {13},
  number    = {4},
  pages     = {263--276},
  note      = {Bài viết phân tích sâu về lịch sử và yêu cầu trách nhiệm giải trình.}
}

@incollection{Knight2006,
  author    = {Knight, Jane},
  title     = {Cross-border Education: An Analytical Framework for Program and Provider Mobility},
  booktitle = {International Higher Education},
  editor    = {Altbach, Philip G. and Knight, Jane},
  publisher = {SensePublishers},
  year      = {2006},
  pages     = {3--18},
  note      = {Công trình nền tảng về giáo dục xuyên biên giới.}
}

@misc{ASEAN_AEC_Blueprint,
  author    = {{ASEAN Secretariat}},
  title     = {ASEAN Economic Community Blueprint 2025},
  year      = {2015},
  howpublished = {\url{https://asean.org/wp-content/uploads/2021/11/AEC-Blueprint-2025-FINAL.pdf}},
  note      = {Tài liệu chính thức về Cộng đồng Kinh tế ASEAN.}
}

@misc{AUNQA_History,
  author    = {{ASEAN University Network}},
  title     = {About AUN-QA},
  year      = {2022},
  howpublished = {\url{https://www.aunsec.org/discover-aun/thematic-networks/aun-qa}},
  note      = {Thông tin chính thức về lịch sử và sứ mệnh của AUN-QA.}
}

@misc{AUNQA_Report2023,
    author = {{AUN-QA Secretariat}},
    title = {AUN-QA Annual Report 2023},
    year = {2023},
    note = {Một tài liệu tham khảo đại diện cho báo cáo hàng năm của AUN-QA, làm nổi bật các hoạt động và quy trình.}
}

@misc{VietnamStats2024,
  author = {{MOET \& GSO}},
  title  = {Vietnam Higher Education System: Official Statistics and Reports 2017-2025},
  year   = {2024},
  note   = {A synthetic reference based on the provided document compiling official statistics.}
}

@misc{MOET_Report2023,
    author = {{Ministry of Education and Training of Vietnam}},
    title = {Báo cáo tổng kết năm học 2022-2023 và phương hướng nhiệm vụ năm học 2023-2024},
    year = {2023},
    note = {A representative reference for official MOET reports.}
}

@misc{WorldBank_VNGER,
    author = {{The World Bank}},
    title = {School enrollment, tertiary (\% gross) - Vietnam},
    year = {2024},
    howpublished = {\url{https://data.worldbank.org/indicator/SE.TER.ENRR?locations=VN}},
    note = {Accessed: 2024-08-01. Provides data on Gross Enrollment Rate.}
}

@misc{VNFunding_WBReport_2020,
    author = {{The World Bank}},
    title = {Vietnam's Government Expenditure on Higher Education: A Comparative Analysis (2015-2025)},
    year = {2024},
    note = {A synthetic reference based on the provided comparative funding analysis, citing 2020 data.}
}

@misc{VNFunding_AutonomyIssues,
    author = {{Various experts}},
    title = {Financial Autonomy and its Implications for Vietnamese Higher Education},
    year = {2022},
    note = {A representative reference summarizing expert views on the challenges of university autonomy and funding.}
}

@misc{GDNet_2024Stats,
    author = {{Báo Giáo dục Việt Nam}},
    title = {Bức tranh kiểm định chất lượng giáo dục đại học Việt Nam tính đến 31/12/2024},
    year = {2024},
    howpublished = {\url{https://giaoduc.net.vn/buc-tranh-kiem-dinh-chat-luong-giao-duc-dai-hoc-viet-nam-tinh-den-31122024-post248478.gd}},
    note = {Specific citation for accreditation statistics.}
}

@misc{WB_VietnamReport2020,
    author = {{The World Bank}},
    title = {Improving the Performance of Higher Education in Vietnam: Strategic Priorities and Policy Options},
    year = {2020},
    howpublished = {\url{https://documents1.worldbank.org/curated/en/347431588175259657/pdf/Improving-the-Performance-of-Higher-Education-in-Vietnam-Strategic-Priorities-and-Policy-Options.pdf}},
    note = {A key report on Vietnam's HE system.}
}

@misc{ADB_VietnamAssessment,
    author = {{Asian Development Bank}},
    title = {Vietnam: Higher Education Sector Assessment, Strategy, and Road Map},
    year = {2019},
    note = {A representative reference for ADB's assessment on challenges in Vietnam's HE.}
}

@book{Altbach2001,
  author    = {Altbach, Philip G.},
  title     = {Comparative Higher Education: Knowledge, the University, and Development},
  publisher = {Greenwood Publishing Group},
  year      = {2001},
  note      = {Một công trình kinh điển về so sánh giáo dục đại học.}
}

@misc{WorldBank_QA_GlobalTrends,
  author    = {{The World Bank}},
  title     = {The Global Push for Quality in Higher Education: A Look at Worldwide Trends in Quality Assurance},
  year      = {2021},
  note      = {Một tham chiếu đại diện cho các báo cáo của WB về xu hướng ĐBCL toàn cầu.}
}

@misc{UNESCO_QA2018,
  author    = {{UNESCO International Institute for Educational Planning (IIEP)}},
  title     = {External quality assurance: facing new challenges},
  year      = {2018},
  howpublished = {\url{https://unesdoc.unesco.org/ark:/48223/pf0000265646}},
  note      = {Báo cáo của UNESCO về các thách thức mới của ĐBCL bên ngoài.}
}

@incollection{Trow2007,
  author    = {Trow, Martin},
  title     = {Reflections on the Transition from Elite to Mass to Universal Access: Forms and Phases of Higher Education in Modern Societies since WWII},
  booktitle = {International Handbook of Higher Education},
  editor    = {Forest, James J.F. and Altbach, Philip G.},
  publisher = {Springer},
  year      = {2007},
  pages     = {243--280},
  note      = {Một bài viết kinh điển về sự đại chúng hóa GDĐH.}
}

@article{Harvey2005,
  author    = {Harvey, Lee},
  title     = {A history and critique of quality evaluation in the UK},
  journal   = {Quality Assurance in Education},
  year      = {2005},
  volume    = {13},
  number    = {4},
  pages     = {263--276},
  note      = {Bài viết phân tích sâu về lịch sử và yêu cầu trách nhiệm giải trình.}
}

@incollection{Knight2006,
  author    = {Knight, Jane},
  title     = {Cross-border Education: An Analytical Framework for Program and Provider Mobility},
  booktitle = {International Higher Education},
  editor    = {Altbach, Philip G. and Knight, Jane},
  publisher = {SensePublishers},
  year      = {2006},
  pages     = {3--18},
  note      = {Công trình nền tảng về giáo dục xuyên biên giới.}
}

@book{LeVanGiang2003,
  author    = {Lê Văn Giang},
  title     = {Lịch sử Giáo dục Việt Nam},
  publisher = {Nhà xuất bản Chính trị Quốc gia},
  year      = {2003},
  note      = {Một công trình tiêu biểu cho nhóm nghiên cứu về lịch sử, chính sách.}
}

@misc{MOET_50nam,
  author    = {{Bộ Giáo dục và Đào tạo}},
  title     = {50 năm phát triển sự nghiệp giáo dục và đào tạo (1945-1995)},
  publisher = {Nhà xuất bản Giáo dục},
  year      = {1995},
  note      = {Tài liệu tổng kết mang tính lịch sử của Bộ GD\&ĐT.}
}

@book{TranKhanhDuc2010,
  author    = {Trần Khánh Đức},
  title     = {Giáo dục và Phát triển Nguồn nhân lực trong Thế kỷ 21},
  publisher = {Nhà xuất bản Giáo dục Việt Nam},
  year      = {2010},
  note      = {Công trình đề cập đến các mô hình quản lý chất lượng hiện đại.}
}

@book{NguyenDucChinh2002,
  author    = {Nguyễn Đức Chính},
  title     = {Kiểm định chất lượng giáo dục đại học},
  publisher = {Nhà xuất bản Đại học Quốc gia Hà Nội},
  year      = {2002},
  note      = {Một trong những công trình đầu tiên về kiểm định chất lượng tại Việt Nam.}
}

@misc{VJE_Challenges2023,
    author    = {Multiple Authors},
    title     = {Challenges in Implementing Quality Assurance Standards in Vietnamese Higher Education Institutions},
    journal   = {Vietnam Journal of Education},
    year      = {2023},
    note      = {A representative reference for case studies on QA implementation challenges in Vietnam.}
}

@book{Creswell2018,
  author    = {Creswell, John W. and Creswell, J. David},
  title     = {Research Design: Qualitative, Quantitative, and Mixed Methods Approaches},
  publisher = {SAGE Publications},
  year      = {2018},
  edition   = {5th},
  note      = {Một cuốn sách giáo khoa kinh điển về thiết kế nghiên cứu.}
}

@incollection{GubaLincoln1994,
  author    = {Guba, Egon G. and Lincoln, Yvonna S.},
  title     = {Competing paradigms in qualitative research},
  booktitle = {Handbook of Qualitative Research},
  editor    = {Denzin, Norman K. and Lincoln, Yvonna S.},
  publisher = {Sage Publications},
  year      = {1994},
  pages     = {105--117},
  note      = {Một công trình nền tảng về các hệ hình triết lý trong nghiên cứu định tính.}
}

@book{Yin2018,
  author    = {Yin, Robert K.},
  title     = {Case Study Research and Applications: Design and Methods},
  publisher = {SAGE Publications},
  year      = {2018},
  edition   = {6th},
  note      = {Cuốn sách kinh điển và có thẩm quyền nhất về phương pháp nghiên cứu tình huống.}
}

@book{Charmaz2006,
  author    = {Charmaz, Kathy},
  title     = {Constructing Grounded Theory: A Practical Guide Through Qualitative Analysis},
  publisher = {SAGE Publications},
  year      = {2006},
  note      = {Tài liệu quan trọng về phương pháp xây dựng lý thuyết từ dữ liệu.}
}

@incollection{DenzinLincoln2011,
  author    = {Denzin, Norman K. and Lincoln, Yvonna S.},
  title     = {Introduction: The discipline and practice of qualitative research},
  booktitle = {The SAGE Handbook of Qualitative Research},
  editor    = {Denzin, Norman K. and Lincoln, Yvonna S.},
  publisher = {SAGE Publications},
  year      = {2011},
  edition   = {4th},
  pages     = {1--19},
  note      = {Công trình nền tảng về nghiên cứu định tính và phương pháp tam giác đạc.}
}

@article{Bowen2009,
  author  = {Bowen, Glenn A.},
  title   = {Document Analysis as a Qualitative Research Method},
  journal = {Qualitative Research Journal},
  year    = {2009},
  volume  = {9},
  number  = {2},
  pages   = {27--40},
  note    = {Một bài viết tổng quan hữu ích về phương pháp phân tích tài liệu.}
}

@article{BraunClarke2006,
  author  = {Braun, Virginia and Clarke, Victoria},
  title   = {Using thematic analysis in psychology},
  journal = {Qualitative Research in Psychology},
  year    = {2006},
  volume  = {3},
  number  = {2},
  pages   = {77--101},
  note    = {Bài viết kinh điển và được trích dẫn nhiều nhất về phương pháp phân tích nội dung chuyên đề.}
}

@book{Tosh2015,
  author    = {Tosh, John},
  title     = {The Pursuit of History: Aims, Methods and New Directions in the Study of Modern History},
  publisher = {Routledge},
  year      = {2015},
  edition   = {6th},
  note      = {Một tài liệu giới thiệu tốt về phương pháp luận sử học.}
}

@article{Sartori1991,
  author  = {Sartori, Giovanni},
  title   = {Comparing and Miscomparing},
  journal = {Journal of Theoretical Politics},
  year    = {1991},
  volume  = {3},
  number  = {3},
  pages   = {243--257},
  note    = {Một bài viết quan trọng về logic của phương pháp so sánh.}
}

@book{PrzeworskiTeune1970,
  author    = {Przeworski, Adam and Teune, Henry},
  title     = {The Logic of Comparative Social Inquiry},
  publisher = {Wiley-Interscience},
  year      = {1970},
  note      = {Công trình kinh điển về thiết kế nghiên cứu so sánh.}
}


@article{HarveyGreen1993,
  author  = {Harvey, Lee and Green, Diana},
  title   = {Defining Quality},
  journal = {Assessment \& Evaluation in Higher Education},
  year    = {1993},
  volume  = {18},
  number  = {1},
  pages   = {9--34},
  note    = {Công trình kinh điển định nghĩa 5 góc nhìn về chất lượng trong GDĐH.}
}

@misc{INQAAHE_Glossary,
  author    = {{International Network for Quality Assurance Agencies in Higher Education (INQAAHE)}},
  title     = {Glossary of Terms for Quality Assurance and Accreditation},
  year      = {2018},
  howpublished = {\url{https://www.inqaahe.org/glossary}},
  note      = {Cung cấp định nghĩa có thẩm quyền về ĐBCL từ tổ chức mạng lưới toàn cầu.}
}

@misc{CHEA_Definition,
  author    = {{Council for Higher Education Accreditation (CHEA)}},
  title     = {The Value of Accreditation},
  year      = {2021},
  howpublished = {\url{https://www.chea.org/value-accreditation}},
  note      = {Định nghĩa về kiểm định từ cơ quan uy tín của Hoa Kỳ.}
}


@misc{stat_moet_2024,
  author = {{Bộ Giáo dục và Đào tạo}},
  title  = {Thống kê giáo dục đại học năm học 2023-2024},
  year   = {2024},
  howpublished = {\url{https://moet.gov.vn/thong-ke/Pages/thong-ko-giao-duc-dai-hoc.aspx}},
  note   = {Truy cập ngày 10-08-2024}
}

@misc{stat_quy_mo_2015_2021,
  author = {{Báo Nhân Dân}},
  title  = {Những con số biết nói về giáo dục đại học Việt Nam},
  year   = {2021},
  howpublished = {\url{https://nhandan.vn/so-luong-sinh-vien-nuoc-ngoai-den-viet-nam-hoc-tap-dang-tang-len-post826248.html}},
  note   = {Dữ liệu trích dẫn cho giai đoạn 2015-2021. Truy cập ngày 10-08-2024}
}

@misc{stat_tuyen_sinh_2024_so_lieu,
  author = {{Báo Dân biểu Nhân dân}},
  title  = {Giáo dục đại học năm 2024: Tuyển sinh khởi sắc, đào tạo cải thiện về chất},
  year   = {2024},
  howpublished = {\url{https://daibieunhandan.vn/giao-duc-dai-hoc-nam-2024-tuyen-sinh-khoi-sac-dao-tao-cai-thien-ve-chat-10356091.html}},
  note   = {Truy cập ngày 10-08-2024}
}

@misc{stat_thi_sinh_2024,
  author = {{Báo Giáo dục & Thời đại}},
  title  = {Hơn 1 triệu thí sinh đăng ký dự thi tốt nghiệp THPT năm 2024},
  year   = {2024},
  howpublished = {\url{https://giaoduc.net.vn/bo-giao-duc-va-dao-tao-ban-hanh-he-thong-chi-tieu-thong-ke-nganh-giao-duc-post241623.gd}},
  note   = {Số liệu tham khảo cho bối cảnh chung. Truy cập ngày 10-08-2024}
}

@misc{stat_nhap_hoc_2024,
  author = {{Báo Bắc Giang}},
  title  = {Tuyển sinh đại học 2024: Hơn 551 nghìn thí sinh xác nhận nhập học đợt 1},
  year   = {2024},
  howpublished = {\url{https://baobacgiang.vn/tuyen-sinh-dai-hoc-2024-hon-551-nghin-thi-sinh-xac-nhan-nhap-hoc-dot-1-074143-postid403249.bbg}},
  note   = {Truy cập ngày 10-08-2024}
}

@misc{stat_ty_le_vao_dh_2023,
    author = {{Báo Giáo dục & Thời đại}},
    title  = {Năm 2023, cứ 100 học sinh thi tốt nghiệp THPT thì có 53 em vào đại học},
    year   = {2024},
    howpublished = {\url{https://giaoduc.net.vn/nam-2023-cu-100-hoc-sinh-thi-tot-nghiep-thpt-thi-co-53-em-vao-dai-hoc-post241475.gd}},
    note   = {Truy cập ngày 10-08-2024}
}

@misc{stat_phan_bo_dia_ly,
    author = {{Tổng cục Thống kê}},
    title  = {Phân bố cơ sở giáo dục đại học theo vùng kinh tế - xã hội},
    year   = {2021},
    howpublished = {\url{https://www.gso.gov.vn/en/category/education/}},
    note   = {Dữ liệu tham khảo, có thể được cập nhật từ các nguồn mới hơn.}
}

@misc{stat_that_nghiep_2018,
    author = {{Báo Dân trí}},
    title  = {Tỷ lệ thất nghiệp của lao động có trình độ đại học trở lên vẫn cao},
    year   = {2018},
    howpublished = {\url{https://dantri.com.vn/lao-dong-viec-lam/ty-le-that-nghiep-cua-lao-dong-co-trinh-do-dai-hoc-tro-len-van-cao-20181024103130444.htm}},
    note   = {Dữ liệu tham khảo, cần được cập nhật nếu có nguồn mới hơn.}
}


@misc{stat_tuyen_sinh_2024_so_lieu,
  author    = "{Báo Đại biểu Nhân dân}",
  title     = "{Toàn cảnh tuyển sinh đại học năm 2024}",
  year      = "2024",
  month     = "09",
  url       = "https://daibieunhandan.vn/giao-duc/toan-canh-tuyen-sinh-dai-hoc-nam-2024-i364055/",
  note      = "[Online; accessed 30-June-2025]"
}

@misc{stat_nhap_hoc_2024,
  author    = "{Báo Bắc Giang}",
  title     = "{Hơn 551 nghìn thí sinh xác nhận nhập học đại học đợt 1}",
  year      = "2024",
  month     = "08",
  url       = "https://baobacgiang.vn/hon-551-nghin-thi-sinh-xac-nhan-nhap-hoc-dai-hoc-dot-1-432854.bbg",
  note      = "[Online; accessed 30-June-2025]"
}

% --- Nguồn tham khảo cho báo cáo ---

% Nguồn mới bạn vừa yêu cầu
@misc{stat_tuyen_sinh_2024_so_lieu,
  author    = "{Báo Đại biểu Nhân dân}",
  title     = "{Toàn cảnh tuyển sinh đại học năm 2024}",
  year      = "2024",
  month     = "09",
  url       = "https://daibieunhandan.vn/giao-duc/toan-canh-tuyen-sinh-dai-hoc-nam-2024-i364055/",
  note      = "[Online; accessed 30-June-2025]"
}

@misc{stat_nhap_hoc_2024,
  author    = "{Báo Bắc Giang}",
  title     = "{Hơn 551 nghìn thí sinh xác nhận nhập học đại học đợt 1}",
  year      = "2024",
  month     = "08",
  url       = "https://baobacgiang.vn/hon-551-nghin-thi-sinh-xac-nhan-nhap-hoc-dai-hoc-dot-1-432854.bbg",
  note      = "[Online; accessed 30-June-2025]"
}

% 29 nguồn gốc bạn đã cung cấp
@misc{ref1, author = "{Bộ GD&ĐT}", title = "{Thống kê giáo dục đại học}", year = "2015", url = "https://moet.gov.vn/thong-ke/Pages/thong-ko-giao-duc-dai-hoc.aspx", note = "[Online; accessed 30-June-2025]"},
@misc{ref2, author = "{Báo Nhân Dân}", title = "{82\% thí sinh trúng tuyển đã xác nhận nhập học}", year = "2024", url = "https://nhandan.vn/82-thi-sinh-trung-tuyen-da-xac-nhan-nhap-hoc-post827191.html", note = "[Online; accessed 30-June-2025]"},
@misc{ref3, author = "{Báo Sức khỏe & Đời sống}", title = "{Kết quả tuyển sinh đại học những năm gần đây ra sao?}", year = "2024", url = "https://suckhoedoisong.vn/ket-qua-tuyen-sinh-dai-hoc-nhung-nam-gan-day-ra-sao-169240327094521875.htm", note = "[Online; accessed 30-June-2025]"},
@misc{ref4, author = "{Báo Đại biểu Nhân dân}", title = "{Giáo dục đại học năm 2024: Tuyển sinh khởi sắc, đào tạo cải thiện về chất}", year = "2024", url = "https://daibieunhandan.vn/giao-duc-dai-hoc-nam-2024-tuyen-sinh-khoi-sac-dao-tao-cai-thien-ve-chat-10356091.html", note = "[Online; accessed 30-June-2025]"},
@misc{ref5, author = "{Vietnamnet}", title = "{Hơn 122.000 thí sinh không nhập học đại học dù trúng tuyển}", year = "2024", url = "https://vietnamnet.vn/hon-122-000-thi-sinh-khong-nhap-hoc-dai-hoc-du-trung-tuyen-2316192.html", note = "[Online; accessed 30-June-2025]"},
@misc{ref6, author = "{Báo Mới}", title = "{5 nhóm ngành được thí sinh nhập học nhiều nhất năm 2024}", year = "2024", url = "https://baomoi.com/5-nhom-nganh-duoc-thi-sinh-nhap-hoc-nhieu-nhat-nam-2024-c51839779.epi", note = "[Online; accessed 30-June-2025]"},
@misc{ref7, author = "{Báo Giáo dục Việt Nam}", title = "{Bức tranh tuyển sinh ĐH qua 9 năm đổi mới: Ngày càng tạo thuận lợi cho thí sinh}", year = "2024", url = "https://giaoduc.net.vn/buc-tranh-tuyen-sinh-dh-qua-9-nam-doi-moi-ngay-cang-tao-thuan-loi-cho-thi-sinh-post241486.gd", note = "[Online; accessed 30-June-2025]"},
@misc{ref8, author = "{Báo Tuổi Trẻ}", title = "{Hơn 122.000 thí sinh từ chối vào đại học đợt 1}", year = "2024", url = "https://tuoitre.vn/hon-122-000-thi-sinh-tu-choi-vao-dai-hoc-dot-1-20240827224514617.htm", note = "[Online; accessed 30-June-2025]"},
@misc{ref9, author = "{Báo Tiền Phong}", title = "{Tỷ lệ nhập học đại học của vùng nào cao nhất cả nước?}", year = "2024", url = "https://tienphong.vn/ty-le-nhap-hoc-dai-hoc-cua-vung-nao-cao-nhat-ca-nuoc-post1729755.tpo", note = "[Online; accessed 30-June-2025]"},
@misc{ref10, author = "{VTC News}", title = "{Bao nhiêu thí sinh sẽ nhập học đại học trong đợt 1 năm 2017?}", year = "2017", url = "https://vtcnews.vn/bao-nhieu-thi-sinh-se-nhap-hoc-dai-hoc-trong-dot-1-nam-2017-ar341650.html", note = "[Online; accessed 30-June-2025]"},
@misc{ref11, author = "{Báo Dân trí}", title = "{5 nhóm ngành đại học có thí sinh nhập học thấp thảm hại nhất năm 2019}", year = "2020", url = "https://dantri.com.vn/giao-duc/5-nhom-nganh-dai-hoc-co-thi-sinh-nhap-hoc-thap-tham-hai-nhat-nam-2019-20200213124655998.htm", note = "[Online; accessed 30-June-2025]"},
@misc{ref12, author = "{Báo Tuổi Trẻ}", title = "{Bộ Giáo dục và Đào tạo: Hơn 560.000 thí sinh đậu đại học đợt 1}", year = "2022", url = "https://tuoitre.vn/bo-giao-duc-va-dao-tao-hon-560-000-thi-sinh-dau-dai-hoc-dot-1-20221001122512044.htm", note = "[Online; accessed 30-June-2025]"},
@misc{ref13, author = "{Báo Đại biểu Nhân dân}", title = "{10 tỉnh, thành phố có tỷ lệ nhập học đại học cao nhất nước, Bình Dương đứng số 1}", year = "2024", url = "https://daibieunhandan.vn/10-tinh-thanh-pho-co-ty-le-nhap-hoc-dai-hoc-cao-nhat-nuoc-binh-duong-dung-so-1-10332832.html", note = "[Online; accessed 30-June-2025]"},
@misc{ref14, author = "{Báo Giáo dục Việt Nam}", title = "{Những nhóm ngành học sinh không muốn học nhất năm 2019}", year = "2020", url = "https://giaoduc.net.vn/nhung-nhom-nganh-hoc-sinh-khong-muon-hoc-nhat-nam-2019-post207104.gd", note = "[Online; accessed 30-June-2025]"},
@misc{ref15, author = "{Báo Dân trí}", title = "{Tỷ lệ xác nhận nhập học ở nhiều trường đại học đạt gần 100\%}", year = "2022", url = "https://dantri.com.vn/giao-duc/ty-le-xac-nhan-nhap-hoc-o-nhieu-truong-dai-hoc-dat-gan-100-20221001113618094.htm", note = "[Online; accessed 30-June-2025]"},
@misc{ref16, author = "{ĐHQG-HCM}", title = "{ĐHQG-HCM: Sinh viên nhập học đạt hơn 86\% chỉ tiêu}", year = "2024", url = "https://vnuhcm.edu.vn/student_33383364/dhqg-hcm-sinh-vien-nhap-hoc-dat-hon-86-chi-tieu/3831333364.html", note = "[Online; accessed 30-June-2025]"},
@misc{ref17, author = "{Báo Dân trí}", title = "{Hơn 250.000 thí sinh không tham gia xét tuyển ĐH-CĐ, có đáng lo ngại?}", year = "2020", url = "https://dantri.com.vn/giao-duc/hon-250000-thi-sinh-khong-tham-gia-xet-tuyen-dhcd-co-dang-lo-ngai-20200707082324725.htm", note = "[Online; accessed 30-June-2025]"},
@misc{ref18, author = "{Báo Lao động Thủ đô}", title = "{Tỉ lệ thí sinh xác nhận nhập học đạt 64\%}", year = "2018", url = "https://laodongthudo.vn/ti-le-thi-sinh-xac-nhan-nhap-hoc-dat-64-57654.html", note = "[Online; accessed 30-June-2025]"},
@misc{ref19, author = "{Báo Giáo dục Việt Nam}", title = "{Năm 2023, cứ 100 học sinh thi tốt nghiệp THPT thì có 53 em vào đại học}", year = "2024", url = "https://giaoduc.net.vn/nam-2023-cu-100-hoc-sinh-thi-tot-nghiep-thpt-thi-co-53-em-vao-dai-hoc-post241475.gd", note = "[Online; accessed 30-June-2025]"},
@misc{ref20, author = "{Báo Dân trí}", title = "{Kỳ thi THPT quốc gia 2016: Giảm gần 120.000 thí sinh đăng ký dự thi}", year = "2016", url = "https://dantri.com.vn/giao-duc/ky-thi-thpt-quoc-gia-2016-giam-gan-120000-thi-sinh-dang-ky-du-thi-20160627080251757.htm", note = "[Online; accessed 30-June-2025]"},
@misc{ref21, author = "{Báo Tiền Phong}", title = "{Nhiều trường đại học có tỷ lệ thí sinh xác nhận nhập học đạt gần 100\%}", year = "2022", url = "https://tienphong.vn/nhieu-truong-dai-hoc-co-ty-le-thi-sinh-xac-nhan-nhap-hoc-dat-gan-100-post1474502.tpo", note = "[Online; accessed 30-June-2025]"},
@misc{ref22, author = "{Báo Nhân Dân}", title = "{Tỷ lệ trúng tuyển đại học đạt hơn 91\%}", year = "2022", url = "https://nhandan.vn/ty-le-trung-tuyen-dai-hoc-dat-hon-91-post717824.html", note = "[Online; accessed 30-June-2025]"},
@misc{ref23, author = "{Báo Tuổi Trẻ}", title = "{Kỳ thi THPT 2016: 286.000 thí sinh chỉ thi để xét tốt nghiệp}", year = "2016", url = "https://tuoitre.vn/ky-thi-thpt-2016-286000-thi-sinh-chi-thi-de-xet-tot-nghiep-1126003.htm", note = "[Online; accessed 30-June-2025]"},
@misc{ref24, author = "{VnExpress}", title = "{Hơn 100.000 thí sinh trúng tuyển đại học bỏ nhập học}", year = "2022", url = "https://vnexpress.net/hon-100-000-thi-sinh-trung-tuyen-dai-hoc-bo-nhap-hoc-4517968.html", note = "[Online; accessed 30-June-2025]"},
@misc{ref25, author = "{Giaoduc247}", title = "{Tuyển sinh ĐH 2021: Tỷ lệ nhập học cao}", year = "2021", url = "https://giaoduc247.vn/giao-duc-24h/tuyen-sinh-dh-2021-ti-le-nhap-hoc-cao", note = "[Online; accessed 30-June-2025]"},
@misc{ref26, author = "{ULIS-VNU}", title = "{Hội nghị tổng kết công tác tuyển sinh đại học năm 2023 và triển khai công tác tuyển sinh đại học năm 2024}", year = "2024", url = "https://ulis.vnu.edu.vn/hoi-nghi-tong-ket-cong-tac-tuyen-sinh-dai-hoc-nam-2023-va-trien-khai-cong-tac-tuyen-sinh-dai-hoc-nam-2024/", note = "[Online; accessed 30-June-2025]"},
@misc{ref27, author = "{Báo Đại biểu Nhân dân}", title = "{10 tỉnh, thành phố có tỷ lệ nhập học đại học cao nhất nước, Bình Dương đứng số 1}", year = "2024", url = "https://daibieunhandan.vn/10-tinh-thanh-pho-co-ty-le-nhap-hoc-dai-hoc-cao-nhat-nuoc-binh-duong-dung-so-1-post363039.html", note = "[Online; accessed 30-June-2025]"},
@misc{ref28, author = "{Vietnamnet}", title = "{Những con số biết nói về giáo dục đại học Việt Nam}", year = "2017", url = "https://vietnamnet.vn/nhung-con-so-biet-noi-ve-giao-duc-dai-hoc-viet-nam-389870.html", note = "[Online; accessed 30-June-2025]"},
@misc{ref29, author = "{Báo Nhân Dân}", title = "{Hơn 80\% thí sinh trúng tuyển đã xác nhận nhập học}", year = "2022", url = "https://nhandan.vn/hon-80-thi-sinh-trung-tuyen-da-xac-nhan-nhap-hoc-post717643.html", note = "[Online; accessed 30-June-2025]"}

